transaction_id,date,customer_id,gender,age,product_category,quantity,price_per_unit,total_amount,year,month,quarter,day_of_week,month_name,is_weekend,revenue,unit_cost,total_cost,profit,profit_margin,age_group
1,11/24/2023,CUST001,MALE,34,BEAUTY,3,50,150,2023,11,4,Friday,November,FALSE,150,30,90,60,0.4,26-35
2,2/27/2023,CUST002,FEMALE,26,CLOTHING,2,500,1000,2023,2,1,Monday,February,FALSE,1000,300,600,400,0.4,26-35
3,1/13/2023,CUST003,MALE,50,ELECTRONICS,1,30,30,2023,1,1,Friday,January,FALSE,30,18,18,12,0.4,46-55
4,5/21/2023,CUST004,MALE,37,CLOTHING,1,500,500,2023,5,2,Sunday,May,TRUE,500,300,300,200,0.4,36-45
5,5/6/2023,CUST005,MALE,30,BEAUTY,2,50,100,2023,5,2,Saturday,May,TRUE,100,30,60,40,0.4,26-35
6,4/25/2023,CUST006,FEMALE,45,BEAUTY,1,30,30,2023,4,2,Tuesday,April,FALSE,30,18,18,12,0.4,46-55
7,3/13/2023,CUST007,MALE,46,CLOTHING,2,25,50,2023,3,1,Monday,March,FALSE,50,15,30,20,0.4,46-55
8,2/22/2023,CUST008,MALE,30,ELECTRONICS,4,25,100,2023,2,1,Wednesday,February,FALSE,100,15,60,40,0.4,26-35
9,12/13/2023,CUST009,MALE,63,ELECTRONICS,2,300,600,2023,12,4,Wednesday,December,FALSE,600,180,360,240,0.4,56+
10,10/7/2023,CUST010,FEMALE,52,CLOTHING,4,50,200,2023,10,4,Saturday,October,TRUE,200,30,120,80,0.4,46-55
11,2/14/2023,CUST011,MALE,23,CLOTHING,2,50,100,2023,2,1,Tuesday,February,FALSE,100,30,60,40,0.4,18-25
12,10/30/2023,CUST012,MALE,35,BEAUTY,3,25,75,2023,10,4,Monday,October,FALSE,75,15,45,30,0.4,36-45
13,8/5/2023,CUST013,MALE,22,ELECTRONICS,3,500,1500,2023,8,3,Saturday,August,TRUE,1500,300,900,600,0.4,18-25
14,1/17/2023,CUST014,MALE,64,CLOTHING,4,30,120,2023,1,1,Tuesday,January,FALSE,120,18,72,48,0.4,56+
15,1/16/2023,CUST015,FEMALE,42,ELECTRONICS,4,500,2000,2023,1,1,Monday,January,FALSE,2000,300,1200,800,0.4,36-45
16,2/17/2023,CUST016,MALE,19,CLOTHING,3,500,1500,2023,2,1,Friday,February,FALSE,1500,300,900,600,0.4,18-25
17,4/22/2023,CUST017,FEMALE,27,CLOTHING,4,25,100,2023,4,2,Saturday,April,TRUE,100,15,60,40,0.4,26-35
18,4/30/2023,CUST018,FEMALE,47,ELECTRONICS,2,25,50,2023,4,2,Sunday,April,TRUE,50,15,30,20,0.4,46-55
19,9/16/2023,CUST019,FEMALE,62,CLOTHING,2,25,50,2023,9,3,Saturday,September,TRUE,50,15,30,20,0.4,56+
20,11/5/2023,CUST020,MALE,22,CLOTHING,3,300,900,2023,11,4,Sunday,November,TRUE,900,180,540,360,0.4,18-25
21,1/14/2023,CUST021,FEMALE,50,BEAUTY,1,500,500,2023,1,1,Saturday,January,TRUE,500,300,300,200,0.4,46-55
22,10/15/2023,CUST022,MALE,18,CLOTHING,2,50,100,2023,10,4,Sunday,October,TRUE,100,30,60,40,0.4,18-25
23,4/12/2023,CUST023,FEMALE,35,CLOTHING,4,30,120,2023,4,2,Wednesday,April,FALSE,120,18,72,48,0.4,36-45
24,11/29/2023,CUST024,FEMALE,49,CLOTHING,1,300,300,2023,11,4,Wednesday,November,FALSE,300,180,180,120,0.4,46-55
25,12/26/2023,CUST025,FEMALE,64,BEAUTY,1,50,50,2023,12,4,Tuesday,December,FALSE,50,30,30,20,0.4,56+
26,10/7/2023,CUST026,FEMALE,28,ELECTRONICS,2,500,1000,2023,10,4,Saturday,October,TRUE,1000,300,600,400,0.4,26-35
27,8/3/2023,CUST027,FEMALE,38,BEAUTY,2,25,50,2023,8,3,Thursday,August,FALSE,50,15,30,20,0.4,36-45
28,4/23/2023,CUST028,FEMALE,43,BEAUTY,1,500,500,2023,4,2,Sunday,April,TRUE,500,300,300,200,0.4,36-45
29,8/18/2023,CUST029,FEMALE,42,ELECTRONICS,1,30,30,2023,8,3,Friday,August,FALSE,30,18,18,12,0.4,36-45
30,10/29/2023,CUST030,FEMALE,39,BEAUTY,3,300,900,2023,10,4,Sunday,October,TRUE,900,180,540,360,0.4,36-45
31,5/23/2023,CUST031,MALE,44,ELECTRONICS,4,300,1200,2023,5,2,Tuesday,May,FALSE,1200,180,720,480,0.4,36-45
32,1/4/2023,CUST032,MALE,30,BEAUTY,3,30,90,2023,1,1,Wednesday,January,FALSE,90,18,54,36,0.4,26-35
33,3/23/2023,CUST033,FEMALE,50,ELECTRONICS,2,50,100,2023,3,1,Thursday,March,FALSE,100,30,60,40,0.4,46-55
34,12/24/2023,CUST034,FEMALE,51,CLOTHING,3,50,150,2023,12,4,Sunday,December,TRUE,150,30,90,60,0.4,46-55
35,8/5/2023,CUST035,FEMALE,58,BEAUTY,3,300,900,2023,8,3,Saturday,August,TRUE,900,180,540,360,0.4,56+
36,6/24/2023,CUST036,MALE,52,BEAUTY,3,300,900,2023,6,2,Saturday,June,TRUE,900,180,540,360,0.4,46-55
37,5/23/2023,CUST037,FEMALE,18,BEAUTY,3,25,75,2023,5,2,Tuesday,May,FALSE,75,15,45,30,0.4,18-25
38,3/21/2023,CUST038,MALE,38,BEAUTY,4,50,200,2023,3,1,Tuesday,March,FALSE,200,30,120,80,0.4,36-45
39,4/21/2023,CUST039,MALE,23,CLOTHING,4,30,120,2023,4,2,Friday,April,FALSE,120,18,72,48,0.4,18-25
40,6/22/2023,CUST040,MALE,45,BEAUTY,1,50,50,2023,6,2,Thursday,June,FALSE,50,30,30,20,0.4,46-55
41,2/22/2023,CUST041,MALE,34,CLOTHING,2,25,50,2023,2,1,Wednesday,February,FALSE,50,15,30,20,0.4,26-35
42,2/17/2023,CUST042,MALE,22,CLOTHING,3,300,900,2023,2,1,Friday,February,FALSE,900,180,540,360,0.4,18-25
43,7/14/2023,CUST043,FEMALE,48,CLOTHING,1,300,300,2023,7,3,Friday,July,FALSE,300,180,180,120,0.4,46-55
44,2/19/2023,CUST044,FEMALE,22,CLOTHING,1,25,25,2023,2,1,Sunday,February,TRUE,25,15,15,10,0.4,18-25
45,7/3/2023,CUST045,FEMALE,55,ELECTRONICS,1,30,30,2023,7,3,Monday,July,FALSE,30,18,18,12,0.4,56+
46,6/26/2023,CUST046,FEMALE,20,ELECTRONICS,4,300,1200,2023,6,2,Monday,June,FALSE,1200,180,720,480,0.4,18-25
47,11/6/2023,CUST047,FEMALE,40,BEAUTY,3,500,1500,2023,11,4,Monday,November,FALSE,1500,300,900,600,0.4,36-45
48,5/16/2023,CUST048,MALE,54,ELECTRONICS,3,300,900,2023,5,2,Tuesday,May,FALSE,900,180,540,360,0.4,46-55
49,1/23/2023,CUST049,FEMALE,54,ELECTRONICS,2,500,1000,2023,1,1,Monday,January,FALSE,1000,300,600,400,0.4,46-55
50,8/24/2023,CUST050,FEMALE,27,BEAUTY,3,25,75,2023,8,3,Thursday,August,FALSE,75,15,45,30,0.4,26-35
51,10/2/2023,CUST051,MALE,27,BEAUTY,3,25,75,2023,10,4,Monday,October,FALSE,75,15,45,30,0.4,26-35
52,3/5/2023,CUST052,FEMALE,36,BEAUTY,1,300,300,2023,3,1,Sunday,March,TRUE,300,180,180,120,0.4,36-45
53,7/13/2023,CUST053,MALE,34,ELECTRONICS,2,50,100,2023,7,3,Thursday,July,FALSE,100,30,60,40,0.4,26-35
54,2/10/2023,CUST054,FEMALE,38,ELECTRONICS,3,500,1500,2023,2,1,Friday,February,FALSE,1500,300,900,600,0.4,36-45
55,10/10/2023,CUST055,MALE,31,BEAUTY,4,30,120,2023,10,4,Tuesday,October,FALSE,120,18,72,48,0.4,26-35
56,5/31/2023,CUST056,FEMALE,26,CLOTHING,3,300,900,2023,5,2,Wednesday,May,FALSE,900,180,540,360,0.4,26-35
57,11/18/2023,CUST057,FEMALE,63,BEAUTY,1,30,30,2023,11,4,Saturday,November,TRUE,30,18,18,12,0.4,56+
58,11/13/2023,CUST058,MALE,18,CLOTHING,4,300,1200,2023,11,4,Monday,November,FALSE,1200,180,720,480,0.4,18-25
59,7/5/2023,CUST059,MALE,62,CLOTHING,1,50,50,2023,7,3,Wednesday,July,FALSE,50,30,30,20,0.4,56+
60,10/23/2023,CUST060,MALE,30,BEAUTY,3,50,150,2023,10,4,Monday,October,FALSE,150,30,90,60,0.4,26-35
61,4/9/2023,CUST061,MALE,21,BEAUTY,4,50,200,2023,4,2,Sunday,April,TRUE,200,30,120,80,0.4,18-25
62,12/27/2023,CUST062,MALE,18,BEAUTY,2,50,100,2023,12,4,Wednesday,December,FALSE,100,30,60,40,0.4,18-25
63,2/5/2023,CUST063,MALE,57,ELECTRONICS,2,25,50,2023,2,1,Sunday,February,TRUE,50,15,30,20,0.4,56+
64,1/24/2023,CUST064,MALE,49,CLOTHING,4,25,100,2023,1,1,Tuesday,January,FALSE,100,15,60,40,0.4,46-55
65,12/5/2023,CUST065,MALE,51,ELECTRONICS,4,500,2000,2023,12,4,Tuesday,December,FALSE,2000,300,1200,800,0.4,46-55
66,4/27/2023,CUST066,FEMALE,45,ELECTRONICS,1,30,30,2023,4,2,Thursday,April,FALSE,30,18,18,12,0.4,46-55
67,5/29/2023,CUST067,FEMALE,48,BEAUTY,4,300,1200,2023,5,2,Monday,May,FALSE,1200,180,720,480,0.4,46-55
68,2/10/2023,CUST068,MALE,25,ELECTRONICS,1,300,300,2023,2,1,Friday,February,FALSE,300,180,180,120,0.4,26-35
69,4/30/2023,CUST069,FEMALE,56,BEAUTY,3,25,75,2023,4,2,Sunday,April,TRUE,75,15,45,30,0.4,56+
70,2/21/2023,CUST070,FEMALE,43,CLOTHING,1,300,300,2023,2,1,Tuesday,February,FALSE,300,180,180,120,0.4,36-45
71,7/14/2023,CUST071,FEMALE,51,BEAUTY,4,25,100,2023,7,3,Friday,July,FALSE,100,15,60,40,0.4,46-55
72,5/23/2023,CUST072,FEMALE,20,ELECTRONICS,4,500,2000,2023,5,2,Tuesday,May,FALSE,2000,300,1200,800,0.4,18-25
73,8/21/2023,CUST073,MALE,29,ELECTRONICS,3,30,90,2023,8,3,Monday,August,FALSE,90,18,54,36,0.4,26-35
74,11/22/2023,CUST074,FEMALE,18,BEAUTY,4,500,2000,2023,11,4,Wednesday,November,FALSE,2000,300,1200,800,0.4,18-25
75,7/6/2023,CUST075,MALE,61,BEAUTY,4,50,200,2023,7,3,Thursday,July,FALSE,200,30,120,80,0.4,56+
76,3/25/2023,CUST076,FEMALE,22,ELECTRONICS,2,50,100,2023,3,1,Saturday,March,TRUE,100,30,60,40,0.4,18-25
77,7/9/2023,CUST077,FEMALE,47,CLOTHING,2,50,100,2023,7,3,Sunday,July,TRUE,100,30,60,40,0.4,46-55
78,7/1/2023,CUST078,FEMALE,47,CLOTHING,3,500,1500,2023,7,3,Saturday,July,TRUE,1500,300,900,600,0.4,46-55
79,4/18/2023,CUST079,MALE,34,BEAUTY,1,300,300,2023,4,2,Tuesday,April,FALSE,300,180,180,120,0.4,26-35
80,12/10/2023,CUST080,FEMALE,64,CLOTHING,2,30,60,2023,12,4,Sunday,December,TRUE,60,18,36,24,0.4,56+
81,5/17/2023,CUST081,MALE,40,ELECTRONICS,1,50,50,2023,5,2,Wednesday,May,FALSE,50,30,30,20,0.4,36-45
82,12/26/2023,CUST082,FEMALE,32,BEAUTY,4,50,200,2023,12,4,Tuesday,December,FALSE,200,30,120,80,0.4,26-35
83,12/16/2023,CUST083,MALE,54,ELECTRONICS,2,50,100,2023,12,4,Saturday,December,TRUE,100,30,60,40,0.4,46-55
84,11/28/2023,CUST084,FEMALE,38,ELECTRONICS,3,30,90,2023,11,4,Tuesday,November,FALSE,90,18,54,36,0.4,36-45
85,2/6/2023,CUST085,MALE,31,CLOTHING,3,50,150,2023,2,1,Monday,February,FALSE,150,30,90,60,0.4,26-35
86,11/8/2023,CUST086,MALE,19,BEAUTY,3,30,90,2023,11,4,Wednesday,November,FALSE,90,18,54,36,0.4,18-25
87,11/22/2023,CUST087,FEMALE,28,BEAUTY,2,50,100,2023,11,4,Wednesday,November,FALSE,100,30,60,40,0.4,26-35
88,3/29/2023,CUST088,MALE,56,CLOTHING,1,500,500,2023,3,1,Wednesday,March,FALSE,500,300,300,200,0.4,56+
89,10/1/2023,CUST089,FEMALE,55,ELECTRONICS,4,500,2000,2023,10,4,Sunday,October,TRUE,2000,300,1200,800,0.4,56+
90,5/6/2023,CUST090,FEMALE,51,ELECTRONICS,1,30,30,2023,5,2,Saturday,May,TRUE,30,18,18,12,0.4,46-55
91,3/25/2023,CUST091,FEMALE,55,ELECTRONICS,1,500,500,2023,3,1,Saturday,March,TRUE,500,300,300,200,0.4,56+
92,8/25/2023,CUST092,FEMALE,51,ELECTRONICS,4,30,120,2023,8,3,Friday,August,FALSE,120,18,72,48,0.4,46-55
93,7/14/2023,CUST093,FEMALE,35,BEAUTY,4,500,2000,2023,7,3,Friday,July,FALSE,2000,300,1200,800,0.4,36-45
94,5/19/2023,CUST094,FEMALE,47,BEAUTY,2,500,1000,2023,5,2,Friday,May,FALSE,1000,300,600,400,0.4,46-55
95,11/24/2023,CUST095,FEMALE,32,CLOTHING,2,30,60,2023,11,4,Friday,November,FALSE,60,18,36,24,0.4,26-35
96,12/19/2023,CUST096,FEMALE,44,CLOTHING,2,300,600,2023,12,4,Tuesday,December,FALSE,600,180,360,240,0.4,36-45
97,10/13/2023,CUST097,FEMALE,51,BEAUTY,2,500,1000,2023,10,4,Friday,October,FALSE,1000,300,600,400,0.4,46-55
98,4/23/2023,CUST098,FEMALE,55,BEAUTY,2,50,100,2023,4,2,Sunday,April,TRUE,100,30,60,40,0.4,56+
99,12/17/2023,CUST099,FEMALE,50,ELECTRONICS,4,300,1200,2023,12,4,Sunday,December,TRUE,1200,180,720,480,0.4,46-55
100,6/16/2023,CUST100,MALE,41,ELECTRONICS,1,30,30,2023,6,2,Friday,June,FALSE,30,18,18,12,0.4,36-45
101,1/29/2023,CUST101,MALE,32,CLOTHING,2,300,600,2023,1,1,Sunday,January,TRUE,600,180,360,240,0.4,26-35
102,4/28/2023,CUST102,FEMALE,47,BEAUTY,2,25,50,2023,4,2,Friday,April,FALSE,50,15,30,20,0.4,46-55
103,1/17/2023,CUST103,FEMALE,59,CLOTHING,1,25,25,2023,1,1,Tuesday,January,FALSE,25,15,15,10,0.4,56+
104,6/11/2023,CUST104,FEMALE,34,BEAUTY,2,500,1000,2023,6,2,Sunday,June,TRUE,1000,300,600,400,0.4,26-35
105,7/25/2023,CUST105,FEMALE,22,ELECTRONICS,1,500,500,2023,7,3,Tuesday,July,FALSE,500,300,300,200,0.4,18-25
106,5/18/2023,CUST106,FEMALE,46,CLOTHING,1,50,50,2023,5,2,Thursday,May,FALSE,50,30,30,20,0.4,46-55
107,2/3/2023,CUST107,FEMALE,21,CLOTHING,4,300,1200,2023,2,1,Friday,February,FALSE,1200,180,720,480,0.4,18-25
108,4/19/2023,CUST108,FEMALE,27,BEAUTY,3,25,75,2023,4,2,Wednesday,April,FALSE,75,15,45,30,0.4,26-35
109,10/18/2023,CUST109,FEMALE,34,ELECTRONICS,4,500,2000,2023,10,4,Wednesday,October,FALSE,2000,300,1200,800,0.4,26-35
110,6/11/2023,CUST110,MALE,27,CLOTHING,3,300,900,2023,6,2,Sunday,June,TRUE,900,180,540,360,0.4,26-35
111,4/19/2023,CUST111,FEMALE,34,ELECTRONICS,3,500,1500,2023,4,2,Wednesday,April,FALSE,1500,300,900,600,0.4,26-35
112,12/2/2023,CUST112,MALE,37,CLOTHING,3,500,1500,2023,12,4,Saturday,December,TRUE,1500,300,900,600,0.4,36-45
113,9/13/2023,CUST113,FEMALE,41,ELECTRONICS,2,25,50,2023,9,3,Wednesday,September,FALSE,50,15,30,20,0.4,36-45
114,7/22/2023,CUST114,FEMALE,22,BEAUTY,4,25,100,2023,7,3,Saturday,July,TRUE,100,15,60,40,0.4,18-25
115,11/26/2023,CUST115,MALE,51,CLOTHING,3,500,1500,2023,11,4,Sunday,November,TRUE,1500,300,900,600,0.4,46-55
116,8/23/2023,CUST116,FEMALE,23,CLOTHING,1,30,30,2023,8,3,Wednesday,August,FALSE,30,18,18,12,0.4,18-25
117,3/15/2023,CUST117,MALE,19,ELECTRONICS,2,500,1000,2023,3,1,Wednesday,March,FALSE,1000,300,600,400,0.4,18-25
118,5/16/2023,CUST118,FEMALE,30,ELECTRONICS,4,500,2000,2023,5,2,Tuesday,May,FALSE,2000,300,1200,800,0.4,26-35
119,3/13/2023,CUST119,FEMALE,60,CLOTHING,3,50,150,2023,3,1,Monday,March,FALSE,150,30,90,60,0.4,56+
120,5/7/2023,CUST120,MALE,60,BEAUTY,1,50,50,2023,5,2,Sunday,May,TRUE,50,30,30,20,0.4,56+
121,10/15/2023,CUST121,FEMALE,28,ELECTRONICS,4,50,200,2023,10,4,Sunday,October,TRUE,200,30,120,80,0.4,26-35
122,10/3/2023,CUST122,MALE,64,ELECTRONICS,4,30,120,2023,10,4,Tuesday,October,FALSE,120,18,72,48,0.4,56+
123,5/15/2023,CUST123,FEMALE,40,ELECTRONICS,2,30,60,2023,5,2,Monday,May,FALSE,60,18,36,24,0.4,36-45
124,10/27/2023,CUST124,MALE,33,CLOTHING,4,500,2000,2023,10,4,Friday,October,FALSE,2000,300,1200,800,0.4,26-35
125,8/8/2023,CUST125,MALE,48,CLOTHING,2,50,100,2023,8,3,Tuesday,August,FALSE,100,30,60,40,0.4,46-55
126,10/26/2023,CUST126,FEMALE,28,CLOTHING,3,30,90,2023,10,4,Thursday,October,FALSE,90,18,54,36,0.4,26-35
127,7/24/2023,CUST127,FEMALE,33,CLOTHING,2,25,50,2023,7,3,Monday,July,FALSE,50,15,30,20,0.4,26-35
128,7/5/2023,CUST128,MALE,25,BEAUTY,1,500,500,2023,7,3,Wednesday,July,FALSE,500,300,300,200,0.4,26-35
129,4/23/2023,CUST129,FEMALE,21,BEAUTY,2,300,600,2023,4,2,Sunday,April,TRUE,600,180,360,240,0.4,18-25
130,3/12/2023,CUST130,FEMALE,57,CLOTHING,1,500,500,2023,3,1,Sunday,March,TRUE,500,300,300,200,0.4,56+
131,9/18/2023,CUST131,FEMALE,21,BEAUTY,2,300,600,2023,9,3,Monday,September,FALSE,600,180,360,240,0.4,18-25
132,9/10/2023,CUST132,MALE,42,ELECTRONICS,4,50,200,2023,9,3,Sunday,September,TRUE,200,30,120,80,0.4,36-45
133,2/16/2023,CUST133,MALE,20,ELECTRONICS,3,300,900,2023,2,1,Thursday,February,FALSE,900,180,540,360,0.4,18-25
134,1/25/2023,CUST134,MALE,49,ELECTRONICS,1,50,50,2023,1,1,Wednesday,January,FALSE,50,30,30,20,0.4,46-55
135,2/26/2023,CUST135,MALE,20,CLOTHING,2,25,50,2023,2,1,Sunday,February,TRUE,50,15,30,20,0.4,18-25
136,3/20/2023,CUST136,MALE,44,ELECTRONICS,2,300,600,2023,3,1,Monday,March,FALSE,600,180,360,240,0.4,36-45
137,11/18/2023,CUST137,MALE,46,BEAUTY,2,500,1000,2023,11,4,Saturday,November,TRUE,1000,300,600,400,0.4,46-55
138,3/23/2023,CUST138,MALE,49,CLOTHING,4,50,200,2023,3,1,Thursday,March,FALSE,200,30,120,80,0.4,46-55
139,12/15/2023,CUST139,MALE,36,BEAUTY,4,500,2000,2023,12,4,Friday,December,FALSE,2000,300,1200,800,0.4,36-45
140,8/5/2023,CUST140,MALE,38,ELECTRONICS,1,30,30,2023,8,3,Saturday,August,TRUE,30,18,18,12,0.4,36-45
141,11/2/2023,CUST141,FEMALE,22,ELECTRONICS,1,50,50,2023,11,4,Thursday,November,FALSE,50,30,30,20,0.4,18-25
142,2/2/2023,CUST142,MALE,35,ELECTRONICS,4,300,1200,2023,2,1,Thursday,February,FALSE,1200,180,720,480,0.4,36-45
143,7/17/2023,CUST143,FEMALE,45,CLOTHING,1,50,50,2023,7,3,Monday,July,FALSE,50,30,30,20,0.4,46-55
144,7/15/2023,CUST144,FEMALE,59,BEAUTY,3,500,1500,2023,7,3,Saturday,July,TRUE,1500,300,900,600,0.4,56+
145,11/2/2023,CUST145,FEMALE,39,CLOTHING,3,25,75,2023,11,4,Thursday,November,FALSE,75,15,45,30,0.4,36-45
146,8/28/2023,CUST146,MALE,38,CLOTHING,4,50,200,2023,8,3,Monday,August,FALSE,200,30,120,80,0.4,36-45
147,9/28/2023,CUST147,MALE,23,ELECTRONICS,1,300,300,2023,9,3,Thursday,September,FALSE,300,180,180,120,0.4,18-25
148,5/9/2023,CUST148,MALE,18,CLOTHING,2,30,60,2023,5,2,Tuesday,May,FALSE,60,18,36,24,0.4,18-25
149,10/11/2023,CUST149,MALE,22,CLOTHING,3,25,75,2023,10,4,Wednesday,October,FALSE,75,15,45,30,0.4,18-25
150,1/6/2023,CUST150,FEMALE,58,ELECTRONICS,4,30,120,2023,1,1,Friday,January,FALSE,120,18,72,48,0.4,56+
151,12/15/2023,CUST151,MALE,29,CLOTHING,1,50,50,2023,12,4,Friday,December,FALSE,50,30,30,20,0.4,26-35
152,2/28/2023,CUST152,MALE,43,ELECTRONICS,4,500,2000,2023,2,1,Tuesday,February,FALSE,2000,300,1200,800,0.4,36-45
153,12/16/2023,CUST153,MALE,63,ELECTRONICS,2,500,1000,2023,12,4,Saturday,December,TRUE,1000,300,600,400,0.4,56+
154,10/2/2023,CUST154,MALE,51,ELECTRONICS,3,300,900,2023,10,4,Monday,October,FALSE,900,180,540,360,0.4,46-55
155,5/17/2023,CUST155,MALE,31,ELECTRONICS,4,500,2000,2023,5,2,Wednesday,May,FALSE,2000,300,1200,800,0.4,26-35
156,11/25/2023,CUST156,FEMALE,43,CLOTHING,4,25,100,2023,11,4,Saturday,November,TRUE,100,15,60,40,0.4,36-45
157,6/24/2023,CUST157,MALE,62,ELECTRONICS,4,500,2000,2023,6,2,Saturday,June,TRUE,2000,300,1200,800,0.4,56+
158,2/27/2023,CUST158,FEMALE,44,ELECTRONICS,2,300,600,2023,2,1,Monday,February,FALSE,600,180,360,240,0.4,36-45
159,5/31/2023,CUST159,MALE,26,CLOTHING,4,50,200,2023,5,2,Wednesday,May,FALSE,200,30,120,80,0.4,26-35
160,8/11/2023,CUST160,FEMALE,43,CLOTHING,2,50,100,2023,8,3,Friday,August,FALSE,100,30,60,40,0.4,36-45
161,3/22/2023,CUST161,MALE,64,BEAUTY,2,500,1000,2023,3,1,Wednesday,March,FALSE,1000,300,600,400,0.4,56+
162,8/21/2023,CUST162,MALE,39,CLOTHING,2,30,60,2023,8,3,Monday,August,FALSE,60,18,36,24,0.4,36-45
163,1/2/2023,CUST163,FEMALE,64,CLOTHING,3,50,150,2023,1,1,Monday,January,FALSE,150,30,90,60,0.4,56+
164,5/15/2023,CUST164,FEMALE,47,BEAUTY,3,500,1500,2023,5,2,Monday,May,FALSE,1500,300,900,600,0.4,46-55
165,9/14/2023,CUST165,FEMALE,60,CLOTHING,4,300,1200,2023,9,3,Thursday,September,FALSE,1200,180,720,480,0.4,56+
166,4/2/2023,CUST166,MALE,34,CLOTHING,4,500,2000,2023,4,2,Sunday,April,TRUE,2000,300,1200,800,0.4,26-35
167,9/17/2023,CUST167,FEMALE,43,CLOTHING,3,50,150,2023,9,3,Sunday,September,TRUE,150,30,90,60,0.4,36-45
168,2/24/2023,CUST168,MALE,53,CLOTHING,1,300,300,2023,2,1,Friday,February,FALSE,300,180,180,120,0.4,46-55
169,11/17/2023,CUST169,MALE,18,BEAUTY,3,500,1500,2023,11,4,Friday,November,FALSE,1500,300,900,600,0.4,18-25
170,6/2/2023,CUST170,FEMALE,25,CLOTHING,2,25,50,2023,6,2,Friday,June,FALSE,50,15,30,20,0.4,26-35
171,11/24/2023,CUST171,FEMALE,52,CLOTHING,3,300,900,2023,11,4,Friday,November,FALSE,900,180,540,360,0.4,46-55
172,9/17/2023,CUST172,MALE,32,BEAUTY,2,25,50,2023,9,3,Sunday,September,TRUE,50,15,30,20,0.4,26-35
173,11/8/2023,CUST173,MALE,64,ELECTRONICS,4,30,120,2023,11,4,Wednesday,November,FALSE,120,18,72,48,0.4,56+
174,4/12/2023,CUST174,FEMALE,39,BEAUTY,1,300,300,2023,4,2,Wednesday,April,FALSE,300,180,180,120,0.4,36-45
175,3/20/2023,CUST175,FEMALE,31,ELECTRONICS,4,25,100,2023,3,1,Monday,March,FALSE,100,15,60,40,0.4,26-35
176,7/11/2023,CUST176,FEMALE,43,BEAUTY,2,50,100,2023,7,3,Tuesday,July,FALSE,100,30,60,40,0.4,36-45
177,3/24/2023,CUST177,MALE,45,BEAUTY,2,50,100,2023,3,1,Friday,March,FALSE,100,30,60,40,0.4,46-55
178,10/4/2023,CUST178,MALE,40,CLOTHING,2,30,60,2023,10,4,Wednesday,October,FALSE,60,18,36,24,0.4,36-45
179,9/29/2023,CUST179,MALE,31,ELECTRONICS,1,300,300,2023,9,3,Friday,September,FALSE,300,180,180,120,0.4,26-35
180,1/1/2023,CUST180,MALE,41,CLOTHING,3,300,900,2023,1,1,Sunday,January,TRUE,900,180,540,360,0.4,36-45
181,11/3/2023,CUST181,MALE,19,ELECTRONICS,4,300,1200,2023,11,4,Friday,November,FALSE,1200,180,720,480,0.4,18-25
182,6/15/2023,CUST182,MALE,62,BEAUTY,4,30,120,2023,6,2,Thursday,June,FALSE,120,18,72,48,0.4,56+
183,9/8/2023,CUST183,FEMALE,43,BEAUTY,3,300,900,2023,9,3,Friday,September,FALSE,900,180,540,360,0.4,36-45
184,1/10/2023,CUST184,MALE,31,ELECTRONICS,4,50,200,2023,1,1,Tuesday,January,FALSE,200,30,120,80,0.4,26-35
185,2/27/2023,CUST185,MALE,24,CLOTHING,1,25,25,2023,2,1,Monday,February,FALSE,25,15,15,10,0.4,18-25
186,7/5/2023,CUST186,MALE,20,CLOTHING,4,50,200,2023,7,3,Wednesday,July,FALSE,200,30,120,80,0.4,18-25
187,6/7/2023,CUST187,FEMALE,64,CLOTHING,2,50,100,2023,6,2,Wednesday,June,FALSE,100,30,60,40,0.4,56+
188,5/3/2023,CUST188,MALE,40,CLOTHING,3,25,75,2023,5,2,Wednesday,May,FALSE,75,15,45,30,0.4,36-45
189,1/30/2023,CUST189,MALE,63,BEAUTY,1,50,50,2023,1,1,Monday,January,FALSE,50,30,30,20,0.4,56+
190,5/4/2023,CUST190,FEMALE,60,BEAUTY,3,30,90,2023,5,2,Thursday,May,FALSE,90,18,54,36,0.4,56+
191,10/18/2023,CUST191,MALE,64,BEAUTY,1,25,25,2023,10,4,Wednesday,October,FALSE,25,15,15,10,0.4,56+
192,2/10/2023,CUST192,MALE,62,BEAUTY,2,50,100,2023,2,1,Friday,February,FALSE,100,30,60,40,0.4,56+
193,2/13/2023,CUST193,MALE,35,BEAUTY,3,500,1500,2023,2,1,Monday,February,FALSE,1500,300,900,600,0.4,36-45
194,9/6/2023,CUST194,MALE,55,CLOTHING,4,50,200,2023,9,3,Wednesday,September,FALSE,200,30,120,80,0.4,56+
195,2/5/2023,CUST195,MALE,52,CLOTHING,1,30,30,2023,2,1,Sunday,February,TRUE,30,18,18,12,0.4,46-55
196,9/30/2023,CUST196,FEMALE,32,CLOTHING,3,300,900,2023,9,3,Saturday,September,TRUE,900,180,540,360,0.4,26-35
197,3/6/2023,CUST197,FEMALE,42,CLOTHING,4,50,200,2023,3,1,Monday,March,FALSE,200,30,120,80,0.4,36-45
198,3/7/2023,CUST198,FEMALE,54,BEAUTY,3,300,900,2023,3,1,Tuesday,March,FALSE,900,180,540,360,0.4,46-55
199,12/4/2023,CUST199,MALE,45,BEAUTY,3,500,1500,2023,12,4,Monday,December,FALSE,1500,300,900,600,0.4,46-55
200,9/1/2023,CUST200,MALE,27,BEAUTY,3,50,150,2023,9,3,Friday,September,FALSE,150,30,90,60,0.4,26-35
201,10/9/2023,CUST201,MALE,56,ELECTRONICS,1,25,25,2023,10,4,Monday,October,FALSE,25,15,15,10,0.4,56+
202,3/26/2023,CUST202,FEMALE,34,CLOTHING,4,300,1200,2023,3,1,Sunday,March,TRUE,1200,180,720,480,0.4,26-35
203,5/16/2023,CUST203,MALE,56,CLOTHING,2,500,1000,2023,5,2,Tuesday,May,FALSE,1000,300,600,400,0.4,56+
204,9/28/2023,CUST204,MALE,39,BEAUTY,1,25,25,2023,9,3,Thursday,September,FALSE,25,15,15,10,0.4,36-45
205,11/7/2023,CUST205,FEMALE,43,CLOTHING,1,25,25,2023,11,4,Tuesday,November,FALSE,25,15,15,10,0.4,36-45
206,8/5/2023,CUST206,MALE,61,CLOTHING,1,25,25,2023,8,3,Saturday,August,TRUE,25,15,15,10,0.4,56+
207,4/19/2023,CUST207,FEMALE,42,BEAUTY,2,25,50,2023,4,2,Wednesday,April,FALSE,50,15,30,20,0.4,36-45
208,10/4/2023,CUST208,FEMALE,34,ELECTRONICS,4,50,200,2023,10,4,Wednesday,October,FALSE,200,30,120,80,0.4,26-35
209,12/20/2023,CUST209,FEMALE,30,ELECTRONICS,4,50,200,2023,12,4,Wednesday,December,FALSE,200,30,120,80,0.4,26-35
210,4/13/2023,CUST210,MALE,37,ELECTRONICS,4,50,200,2023,4,2,Thursday,April,FALSE,200,30,120,80,0.4,36-45
211,1/1/2024,CUST211,MALE,42,BEAUTY,3,500,1500,2024,1,1,Monday,January,FALSE,1500,300,900,600,0.4,36-45
212,6/9/2023,CUST212,MALE,21,CLOTHING,3,500,1500,2023,6,2,Friday,June,FALSE,1500,300,900,600,0.4,18-25
213,7/24/2023,CUST213,MALE,27,BEAUTY,3,500,1500,2023,7,3,Monday,July,FALSE,1500,300,900,600,0.4,26-35
214,12/10/2023,CUST214,MALE,20,BEAUTY,2,30,60,2023,12,4,Sunday,December,TRUE,60,18,36,24,0.4,18-25
215,11/29/2023,CUST215,MALE,58,CLOTHING,3,500,1500,2023,11,4,Wednesday,November,FALSE,1500,300,900,600,0.4,56+
216,7/11/2023,CUST216,MALE,62,ELECTRONICS,2,50,100,2023,7,3,Tuesday,July,FALSE,100,30,60,40,0.4,56+
217,8/13/2023,CUST217,FEMALE,35,ELECTRONICS,4,50,200,2023,8,3,Sunday,August,TRUE,200,30,120,80,0.4,36-45
218,9/22/2023,CUST218,MALE,64,BEAUTY,3,30,90,2023,9,3,Friday,September,FALSE,90,18,54,36,0.4,56+
219,8/20/2023,CUST219,FEMALE,53,ELECTRONICS,3,30,90,2023,8,3,Sunday,August,TRUE,90,18,54,36,0.4,46-55
220,3/3/2023,CUST220,MALE,64,BEAUTY,1,500,500,2023,3,1,Friday,March,FALSE,500,300,300,200,0.4,56+
221,5/7/2023,CUST221,MALE,39,BEAUTY,2,300,600,2023,5,2,Sunday,May,TRUE,600,180,360,240,0.4,36-45
222,4/26/2023,CUST222,MALE,51,CLOTHING,4,30,120,2023,4,2,Wednesday,April,FALSE,120,18,72,48,0.4,46-55
223,2/2/2023,CUST223,FEMALE,64,CLOTHING,1,25,25,2023,2,1,Thursday,February,FALSE,25,15,15,10,0.4,56+
224,6/23/2023,CUST224,FEMALE,25,CLOTHING,1,50,50,2023,6,2,Friday,June,FALSE,50,30,30,20,0.4,26-35
225,1/11/2023,CUST225,FEMALE,57,BEAUTY,4,25,100,2023,1,1,Wednesday,January,FALSE,100,15,60,40,0.4,56+
226,10/29/2023,CUST226,FEMALE,61,CLOTHING,1,50,50,2023,10,4,Sunday,October,TRUE,50,30,30,20,0.4,56+
227,10/11/2023,CUST227,MALE,36,ELECTRONICS,2,50,100,2023,10,4,Wednesday,October,FALSE,100,30,60,40,0.4,36-45
228,4/28/2023,CUST228,FEMALE,59,ELECTRONICS,2,30,60,2023,4,2,Friday,April,FALSE,60,18,36,24,0.4,56+
229,10/29/2023,CUST229,MALE,58,BEAUTY,3,30,90,2023,10,4,Sunday,October,TRUE,90,18,54,36,0.4,56+
230,4/23/2023,CUST230,MALE,54,BEAUTY,1,25,25,2023,4,2,Sunday,April,TRUE,25,15,15,10,0.4,46-55
231,1/4/2023,CUST231,FEMALE,23,CLOTHING,3,50,150,2023,1,1,Wednesday,January,FALSE,150,30,90,60,0.4,18-25
232,2/6/2023,CUST232,FEMALE,43,BEAUTY,1,25,25,2023,2,1,Monday,February,FALSE,25,15,15,10,0.4,36-45
233,12/29/2023,CUST233,FEMALE,51,BEAUTY,2,300,600,2023,12,4,Friday,December,FALSE,600,180,360,240,0.4,46-55
234,11/20/2023,CUST234,FEMALE,62,ELECTRONICS,2,25,50,2023,11,4,Monday,November,FALSE,50,15,30,20,0.4,56+
235,1/31/2023,CUST235,FEMALE,23,ELECTRONICS,2,500,1000,2023,1,1,Tuesday,January,FALSE,1000,300,600,400,0.4,18-25
236,4/28/2023,CUST236,FEMALE,54,CLOTHING,1,25,25,2023,4,2,Friday,April,FALSE,25,15,15,10,0.4,46-55
237,2/4/2023,CUST237,FEMALE,50,BEAUTY,2,500,1000,2023,2,1,Saturday,February,TRUE,1000,300,600,400,0.4,46-55
238,1/17/2023,CUST238,FEMALE,39,BEAUTY,1,500,500,2023,1,1,Tuesday,January,FALSE,500,300,300,200,0.4,36-45
239,6/19/2023,CUST239,MALE,38,ELECTRONICS,3,500,1500,2023,6,2,Monday,June,FALSE,1500,300,900,600,0.4,36-45
240,2/6/2023,CUST240,FEMALE,23,BEAUTY,1,300,300,2023,2,1,Monday,February,FALSE,300,180,180,120,0.4,18-25
241,9/21/2023,CUST241,FEMALE,23,ELECTRONICS,3,25,75,2023,9,3,Thursday,September,FALSE,75,15,45,30,0.4,18-25
242,5/2/2023,CUST242,MALE,21,CLOTHING,1,25,25,2023,5,2,Tuesday,May,FALSE,25,15,15,10,0.4,18-25
243,5/23/2023,CUST243,FEMALE,47,ELECTRONICS,3,300,900,2023,5,2,Tuesday,May,FALSE,900,180,540,360,0.4,46-55
244,12/9/2023,CUST244,MALE,28,BEAUTY,2,50,100,2023,12,4,Saturday,December,TRUE,100,30,60,40,0.4,26-35
245,9/6/2023,CUST245,MALE,47,CLOTHING,3,30,90,2023,9,3,Wednesday,September,FALSE,90,18,54,36,0.4,46-55
246,4/20/2023,CUST246,FEMALE,48,ELECTRONICS,2,25,50,2023,4,2,Thursday,April,FALSE,50,15,30,20,0.4,46-55
247,10/4/2023,CUST247,MALE,41,ELECTRONICS,2,30,60,2023,10,4,Wednesday,October,FALSE,60,18,36,24,0.4,36-45
248,3/9/2023,CUST248,MALE,26,CLOTHING,3,300,900,2023,3,1,Thursday,March,FALSE,900,180,540,360,0.4,26-35
249,10/20/2023,CUST249,MALE,20,CLOTHING,1,50,50,2023,10,4,Friday,October,FALSE,50,30,30,20,0.4,18-25
250,10/23/2023,CUST250,MALE,48,ELECTRONICS,1,50,50,2023,10,4,Monday,October,FALSE,50,30,30,20,0.4,46-55
251,8/31/2023,CUST251,FEMALE,57,BEAUTY,4,50,200,2023,8,3,Thursday,August,FALSE,200,30,120,80,0.4,56+
252,5/5/2023,CUST252,MALE,54,ELECTRONICS,1,300,300,2023,5,2,Friday,May,FALSE,300,180,180,120,0.4,46-55
253,8/31/2023,CUST253,FEMALE,53,CLOTHING,4,500,2000,2023,8,3,Thursday,August,FALSE,2000,300,1200,800,0.4,46-55
254,7/28/2023,CUST254,MALE,41,ELECTRONICS,1,500,500,2023,7,3,Friday,July,FALSE,500,300,300,200,0.4,36-45
255,4/8/2023,CUST255,MALE,48,CLOTHING,1,30,30,2023,4,2,Saturday,April,TRUE,30,18,18,12,0.4,46-55
256,2/18/2023,CUST256,MALE,23,CLOTHING,2,500,1000,2023,2,1,Saturday,February,TRUE,1000,300,600,400,0.4,18-25
257,2/19/2023,CUST257,MALE,19,BEAUTY,4,500,2000,2023,2,1,Sunday,February,TRUE,2000,300,1200,800,0.4,18-25
258,12/4/2023,CUST258,FEMALE,37,CLOTHING,1,50,50,2023,12,4,Monday,December,FALSE,50,30,30,20,0.4,36-45
259,8/9/2023,CUST259,FEMALE,45,CLOTHING,4,50,200,2023,8,3,Wednesday,August,FALSE,200,30,120,80,0.4,46-55
260,7/1/2023,CUST260,MALE,28,BEAUTY,2,30,60,2023,7,3,Saturday,July,TRUE,60,18,36,24,0.4,26-35
261,8/5/2023,CUST261,MALE,21,CLOTHING,2,25,50,2023,8,3,Saturday,August,TRUE,50,15,30,20,0.4,18-25
262,7/30/2023,CUST262,FEMALE,32,BEAUTY,4,30,120,2023,7,3,Sunday,July,TRUE,120,18,72,48,0.4,26-35
263,8/28/2023,CUST263,MALE,23,BEAUTY,2,30,60,2023,8,3,Monday,August,FALSE,60,18,36,24,0.4,18-25
264,1/28/2023,CUST264,MALE,47,CLOTHING,3,300,900,2023,1,1,Saturday,January,TRUE,900,180,540,360,0.4,46-55
265,12/11/2023,CUST265,MALE,55,CLOTHING,3,300,900,2023,12,4,Monday,December,FALSE,900,180,540,360,0.4,56+
266,12/1/2023,CUST266,FEMALE,19,ELECTRONICS,2,30,60,2023,12,4,Friday,December,FALSE,60,18,36,24,0.4,18-25
267,11/27/2023,CUST267,FEMALE,32,BEAUTY,3,30,90,2023,11,4,Monday,November,FALSE,90,18,54,36,0.4,26-35
268,2/20/2023,CUST268,FEMALE,28,ELECTRONICS,1,30,30,2023,2,1,Monday,February,FALSE,30,18,18,12,0.4,26-35
269,2/1/2023,CUST269,MALE,25,CLOTHING,4,500,2000,2023,2,1,Wednesday,February,FALSE,2000,300,1200,800,0.4,26-35
270,7/26/2023,CUST270,MALE,43,ELECTRONICS,1,300,300,2023,7,3,Wednesday,July,FALSE,300,180,180,120,0.4,36-45
271,6/23/2023,CUST271,FEMALE,62,BEAUTY,4,30,120,2023,6,2,Friday,June,FALSE,120,18,72,48,0.4,56+
272,2/25/2023,CUST272,FEMALE,61,ELECTRONICS,2,50,100,2023,2,1,Saturday,February,TRUE,100,30,60,40,0.4,56+
273,5/8/2023,CUST273,FEMALE,22,BEAUTY,1,50,50,2023,5,2,Monday,May,FALSE,50,30,30,20,0.4,18-25
274,4/9/2023,CUST274,FEMALE,23,CLOTHING,2,500,1000,2023,4,2,Sunday,April,TRUE,1000,300,600,400,0.4,18-25
275,4/8/2023,CUST275,MALE,43,CLOTHING,2,500,1000,2023,4,2,Saturday,April,TRUE,1000,300,600,400,0.4,36-45
276,10/2/2023,CUST276,FEMALE,21,BEAUTY,4,25,100,2023,10,4,Monday,October,FALSE,100,15,60,40,0.4,18-25
277,8/18/2023,CUST277,MALE,36,CLOTHING,4,25,100,2023,8,3,Friday,August,FALSE,100,15,60,40,0.4,36-45
278,3/13/2023,CUST278,FEMALE,37,CLOTHING,4,25,100,2023,3,1,Monday,March,FALSE,100,15,60,40,0.4,36-45
279,8/5/2023,CUST279,MALE,50,CLOTHING,1,500,500,2023,8,3,Saturday,August,TRUE,500,300,300,200,0.4,46-55
280,4/4/2023,CUST280,FEMALE,37,CLOTHING,3,500,1500,2023,4,2,Tuesday,April,FALSE,1500,300,900,600,0.4,36-45
281,5/23/2023,CUST281,FEMALE,29,BEAUTY,4,500,2000,2023,5,2,Tuesday,May,FALSE,2000,300,1200,800,0.4,26-35
282,8/25/2023,CUST282,FEMALE,64,ELECTRONICS,4,50,200,2023,8,3,Friday,August,FALSE,200,30,120,80,0.4,56+
283,5/8/2023,CUST283,FEMALE,18,ELECTRONICS,1,500,500,2023,5,2,Monday,May,FALSE,500,300,300,200,0.4,18-25
284,2/8/2023,CUST284,MALE,43,CLOTHING,4,50,200,2023,2,1,Wednesday,February,FALSE,200,30,120,80,0.4,36-45
285,8/15/2023,CUST285,FEMALE,31,ELECTRONICS,1,25,25,2023,8,3,Tuesday,August,FALSE,25,15,15,10,0.4,26-35
286,10/9/2023,CUST286,MALE,55,ELECTRONICS,2,25,50,2023,10,4,Monday,October,FALSE,50,15,30,20,0.4,56+
287,2/20/2023,CUST287,MALE,54,CLOTHING,4,25,100,2023,2,1,Monday,February,FALSE,100,15,60,40,0.4,46-55
288,1/26/2023,CUST288,MALE,28,CLOTHING,4,30,120,2023,1,1,Thursday,January,FALSE,120,18,72,48,0.4,26-35
289,11/30/2023,CUST289,MALE,53,ELECTRONICS,2,30,60,2023,11,4,Thursday,November,FALSE,60,18,36,24,0.4,46-55
290,10/4/2023,CUST290,FEMALE,30,BEAUTY,2,300,600,2023,10,4,Wednesday,October,FALSE,600,180,360,240,0.4,26-35
291,1/8/2023,CUST291,MALE,60,CLOTHING,2,300,600,2023,1,1,Sunday,January,TRUE,600,180,360,240,0.4,56+
292,2/17/2023,CUST292,MALE,20,BEAUTY,4,300,1200,2023,2,1,Friday,February,FALSE,1200,180,720,480,0.4,18-25
293,5/2/2023,CUST293,MALE,50,ELECTRONICS,3,30,90,2023,5,2,Tuesday,May,FALSE,90,18,54,36,0.4,46-55
294,3/27/2023,CUST294,FEMALE,23,CLOTHING,3,30,90,2023,3,1,Monday,March,FALSE,90,18,54,36,0.4,18-25
295,7/28/2023,CUST295,FEMALE,27,BEAUTY,3,300,900,2023,7,3,Friday,July,FALSE,900,180,540,360,0.4,26-35
296,9/6/2023,CUST296,FEMALE,22,CLOTHING,4,300,1200,2023,9,3,Wednesday,September,FALSE,1200,180,720,480,0.4,18-25
297,9/4/2023,CUST297,FEMALE,40,ELECTRONICS,2,500,1000,2023,9,3,Monday,September,FALSE,1000,300,600,400,0.4,36-45
298,4/20/2023,CUST298,MALE,27,BEAUTY,4,300,1200,2023,4,2,Thursday,April,FALSE,1200,180,720,480,0.4,26-35
299,7/25/2023,CUST299,MALE,61,ELECTRONICS,2,500,1000,2023,7,3,Tuesday,July,FALSE,1000,300,600,400,0.4,56+
300,1/31/2023,CUST300,FEMALE,19,ELECTRONICS,4,50,200,2023,1,1,Tuesday,January,FALSE,200,30,120,80,0.4,18-25
301,3/26/2023,CUST301,MALE,30,CLOTHING,4,30,120,2023,3,1,Sunday,March,TRUE,120,18,72,48,0.4,26-35
302,7/14/2023,CUST302,MALE,57,BEAUTY,2,300,600,2023,7,3,Friday,July,FALSE,600,180,360,240,0.4,56+
303,1/2/2023,CUST303,MALE,19,ELECTRONICS,3,30,90,2023,1,1,Monday,January,FALSE,90,18,54,36,0.4,18-25
304,7/19/2023,CUST304,FEMALE,37,ELECTRONICS,2,30,60,2023,7,3,Wednesday,July,FALSE,60,18,36,24,0.4,36-45
305,5/16/2023,CUST305,FEMALE,18,BEAUTY,1,30,30,2023,5,2,Tuesday,May,FALSE,30,18,18,12,0.4,18-25
306,8/21/2023,CUST306,MALE,54,ELECTRONICS,1,50,50,2023,8,3,Monday,August,FALSE,50,30,30,20,0.4,46-55
307,5/27/2023,CUST307,FEMALE,26,ELECTRONICS,2,25,50,2023,5,2,Saturday,May,TRUE,50,15,30,20,0.4,26-35
308,8/5/2023,CUST308,FEMALE,34,BEAUTY,4,300,1200,2023,8,3,Saturday,August,TRUE,1200,180,720,480,0.4,26-35
309,12/23/2023,CUST309,FEMALE,26,BEAUTY,1,25,25,2023,12,4,Saturday,December,TRUE,25,15,15,10,0.4,26-35
310,10/12/2023,CUST310,FEMALE,28,BEAUTY,1,25,25,2023,10,4,Thursday,October,FALSE,25,15,15,10,0.4,26-35
311,12/5/2023,CUST311,FEMALE,32,BEAUTY,4,25,100,2023,12,4,Tuesday,December,FALSE,100,15,60,40,0.4,26-35
312,9/7/2023,CUST312,MALE,41,CLOTHING,4,30,120,2023,9,3,Thursday,September,FALSE,120,18,72,48,0.4,36-45
313,3/21/2023,CUST313,FEMALE,55,BEAUTY,3,500,1500,2023,3,1,Tuesday,March,FALSE,1500,300,900,600,0.4,56+
314,4/8/2023,CUST314,MALE,52,CLOTHING,4,30,120,2023,4,2,Saturday,April,TRUE,120,18,72,48,0.4,46-55
315,6/1/2023,CUST315,MALE,47,CLOTHING,2,30,60,2023,6,2,Thursday,June,FALSE,60,18,36,24,0.4,46-55
316,4/22/2023,CUST316,FEMALE,48,CLOTHING,2,25,50,2023,4,2,Saturday,April,TRUE,50,15,30,20,0.4,46-55
317,1/30/2023,CUST317,MALE,22,ELECTRONICS,3,30,90,2023,1,1,Monday,January,FALSE,90,18,54,36,0.4,18-25
318,10/24/2023,CUST318,MALE,61,CLOTHING,1,25,25,2023,10,4,Tuesday,October,FALSE,25,15,15,10,0.4,56+
319,10/5/2023,CUST319,MALE,31,CLOTHING,1,500,500,2023,10,4,Thursday,October,FALSE,500,300,300,200,0.4,26-35
320,2/1/2023,CUST320,FEMALE,28,ELECTRONICS,4,300,1200,2023,2,1,Wednesday,February,FALSE,1200,180,720,480,0.4,26-35
321,6/10/2023,CUST321,FEMALE,26,ELECTRONICS,2,25,50,2023,6,2,Saturday,June,TRUE,50,15,30,20,0.4,26-35
322,1/30/2023,CUST322,MALE,51,ELECTRONICS,1,500,500,2023,1,1,Monday,January,FALSE,500,300,300,200,0.4,46-55
323,1/26/2023,CUST323,FEMALE,29,BEAUTY,3,300,900,2023,1,1,Thursday,January,FALSE,900,180,540,360,0.4,26-35
324,10/27/2023,CUST324,FEMALE,52,ELECTRONICS,3,50,150,2023,10,4,Friday,October,FALSE,150,30,90,60,0.4,46-55
325,9/2/2023,CUST325,FEMALE,52,ELECTRONICS,2,25,50,2023,9,3,Saturday,September,TRUE,50,15,30,20,0.4,46-55
326,9/15/2023,CUST326,FEMALE,18,CLOTHING,3,25,75,2023,9,3,Friday,September,FALSE,75,15,45,30,0.4,18-25
327,9/29/2023,CUST327,MALE,57,ELECTRONICS,3,50,150,2023,9,3,Friday,September,FALSE,150,30,90,60,0.4,56+
328,3/22/2023,CUST328,MALE,39,BEAUTY,2,50,100,2023,3,1,Wednesday,March,FALSE,100,30,60,40,0.4,36-45
329,1/30/2023,CUST329,FEMALE,46,ELECTRONICS,4,25,100,2023,1,1,Monday,January,FALSE,100,15,60,40,0.4,46-55
330,9/18/2023,CUST330,FEMALE,25,BEAUTY,4,50,200,2023,9,3,Monday,September,FALSE,200,30,120,80,0.4,26-35
331,2/11/2023,CUST331,MALE,28,ELECTRONICS,3,30,90,2023,2,1,Saturday,February,TRUE,90,18,54,36,0.4,26-35
332,4/6/2023,CUST332,MALE,58,ELECTRONICS,4,300,1200,2023,4,2,Thursday,April,FALSE,1200,180,720,480,0.4,56+
333,2/5/2023,CUST333,FEMALE,54,ELECTRONICS,4,300,1200,2023,2,1,Sunday,February,TRUE,1200,180,720,480,0.4,46-55
334,11/1/2023,CUST334,MALE,31,ELECTRONICS,3,300,900,2023,11,4,Wednesday,November,FALSE,900,180,540,360,0.4,26-35
335,2/4/2023,CUST335,FEMALE,47,BEAUTY,4,30,120,2023,2,1,Saturday,February,TRUE,120,18,72,48,0.4,46-55
336,12/12/2023,CUST336,FEMALE,52,BEAUTY,3,50,150,2023,12,4,Tuesday,December,FALSE,150,30,90,60,0.4,46-55
337,5/1/2023,CUST337,MALE,38,CLOTHING,1,500,500,2023,5,2,Monday,May,FALSE,500,300,300,200,0.4,36-45
338,7/26/2023,CUST338,MALE,54,BEAUTY,2,50,100,2023,7,3,Wednesday,July,FALSE,100,30,60,40,0.4,46-55
339,3/3/2023,CUST339,FEMALE,22,ELECTRONICS,2,25,50,2023,3,1,Friday,March,FALSE,50,15,30,20,0.4,18-25
340,10/19/2023,CUST340,FEMALE,36,CLOTHING,4,300,1200,2023,10,4,Thursday,October,FALSE,1200,180,720,480,0.4,36-45
341,5/7/2023,CUST341,MALE,31,CLOTHING,4,50,200,2023,5,2,Sunday,May,TRUE,200,30,120,80,0.4,26-35
342,10/24/2023,CUST342,FEMALE,43,CLOTHING,4,500,2000,2023,10,4,Tuesday,October,FALSE,2000,300,1200,800,0.4,36-45
343,11/1/2023,CUST343,MALE,21,ELECTRONICS,2,25,50,2023,11,4,Wednesday,November,FALSE,50,15,30,20,0.4,18-25
344,1/21/2023,CUST344,FEMALE,42,BEAUTY,1,30,30,2023,1,1,Saturday,January,TRUE,30,18,18,12,0.4,36-45
345,11/14/2023,CUST345,MALE,62,ELECTRONICS,1,30,30,2023,11,4,Tuesday,November,FALSE,30,18,18,12,0.4,56+
346,2/11/2023,CUST346,MALE,59,CLOTHING,2,500,1000,2023,2,1,Saturday,February,TRUE,1000,300,600,400,0.4,56+
347,8/3/2023,CUST347,MALE,42,ELECTRONICS,1,25,25,2023,8,3,Thursday,August,FALSE,25,15,15,10,0.4,36-45
348,12/3/2023,CUST348,FEMALE,35,ELECTRONICS,2,300,600,2023,12,4,Sunday,December,TRUE,600,180,360,240,0.4,36-45
349,10/26/2023,CUST349,FEMALE,57,BEAUTY,1,50,50,2023,10,4,Thursday,October,FALSE,50,30,30,20,0.4,56+
350,10/17/2023,CUST350,MALE,25,BEAUTY,3,25,75,2023,10,4,Tuesday,October,FALSE,75,15,45,30,0.4,26-35
351,9/25/2023,CUST351,FEMALE,56,CLOTHING,3,30,90,2023,9,3,Monday,September,FALSE,90,18,54,36,0.4,56+
352,6/11/2023,CUST352,MALE,57,ELECTRONICS,2,500,1000,2023,6,2,Sunday,June,TRUE,1000,300,600,400,0.4,56+
353,5/14/2023,CUST353,MALE,31,ELECTRONICS,1,500,500,2023,5,2,Sunday,May,TRUE,500,300,300,200,0.4,26-35
354,4/15/2023,CUST354,FEMALE,49,BEAUTY,4,50,200,2023,4,2,Saturday,April,TRUE,200,30,120,80,0.4,46-55
355,12/9/2023,CUST355,FEMALE,55,ELECTRONICS,1,500,500,2023,12,4,Saturday,December,TRUE,500,300,300,200,0.4,56+
356,6/10/2023,CUST356,MALE,50,ELECTRONICS,3,500,1500,2023,6,2,Saturday,June,TRUE,1500,300,900,600,0.4,46-55
357,5/3/2023,CUST357,FEMALE,40,ELECTRONICS,3,25,75,2023,5,2,Wednesday,May,FALSE,75,15,45,30,0.4,36-45
358,5/16/2023,CUST358,FEMALE,32,BEAUTY,1,300,300,2023,5,2,Tuesday,May,FALSE,300,180,180,120,0.4,26-35
359,7/22/2023,CUST359,MALE,50,CLOTHING,1,50,50,2023,7,3,Saturday,July,TRUE,50,30,30,20,0.4,46-55
360,3/9/2023,CUST360,MALE,42,CLOTHING,4,25,100,2023,3,1,Thursday,March,FALSE,100,15,60,40,0.4,36-45
361,12/10/2023,CUST361,FEMALE,34,ELECTRONICS,4,300,1200,2023,12,4,Sunday,December,TRUE,1200,180,720,480,0.4,26-35
362,11/27/2023,CUST362,MALE,50,CLOTHING,1,25,25,2023,11,4,Monday,November,FALSE,25,15,15,10,0.4,46-55
363,6/3/2023,CUST363,MALE,64,BEAUTY,1,25,25,2023,6,2,Saturday,June,TRUE,25,15,15,10,0.4,56+
364,8/23/2023,CUST364,FEMALE,19,BEAUTY,1,500,500,2023,8,3,Wednesday,August,FALSE,500,300,300,200,0.4,18-25
365,6/11/2023,CUST365,MALE,31,CLOTHING,1,300,300,2023,6,2,Sunday,June,TRUE,300,180,180,120,0.4,26-35
366,2/7/2023,CUST366,MALE,57,CLOTHING,2,50,100,2023,2,1,Tuesday,February,FALSE,100,30,60,40,0.4,56+
367,1/5/2023,CUST367,FEMALE,57,ELECTRONICS,1,50,50,2023,1,1,Thursday,January,FALSE,50,30,30,20,0.4,56+
368,8/23/2023,CUST368,FEMALE,56,CLOTHING,4,300,1200,2023,8,3,Wednesday,August,FALSE,1200,180,720,480,0.4,56+
369,11/15/2023,CUST369,MALE,23,ELECTRONICS,3,500,1500,2023,11,4,Wednesday,November,FALSE,1500,300,900,600,0.4,18-25
370,10/16/2023,CUST370,MALE,23,ELECTRONICS,2,30,60,2023,10,4,Monday,October,FALSE,60,18,36,24,0.4,18-25
371,2/21/2023,CUST371,FEMALE,20,BEAUTY,1,25,25,2023,2,1,Tuesday,February,FALSE,25,15,15,10,0.4,18-25
372,2/7/2023,CUST372,FEMALE,24,BEAUTY,3,500,1500,2023,2,1,Tuesday,February,FALSE,1500,300,900,600,0.4,18-25
373,10/3/2023,CUST373,FEMALE,25,BEAUTY,2,300,600,2023,10,4,Tuesday,October,FALSE,600,180,360,240,0.4,26-35
374,4/20/2023,CUST374,FEMALE,59,BEAUTY,3,25,75,2023,4,2,Thursday,April,FALSE,75,15,45,30,0.4,56+
375,9/17/2023,CUST375,MALE,32,CLOTHING,1,50,50,2023,9,3,Sunday,September,TRUE,50,30,30,20,0.4,26-35
376,5/16/2023,CUST376,FEMALE,64,BEAUTY,1,30,30,2023,5,2,Tuesday,May,FALSE,30,18,18,12,0.4,56+
377,3/9/2023,CUST377,FEMALE,46,CLOTHING,4,50,200,2023,3,1,Thursday,March,FALSE,200,30,120,80,0.4,46-55
378,6/28/2023,CUST378,MALE,50,BEAUTY,1,300,300,2023,6,2,Wednesday,June,FALSE,300,180,180,120,0.4,46-55
379,2/5/2023,CUST379,FEMALE,47,CLOTHING,1,25,25,2023,2,1,Sunday,February,TRUE,25,15,15,10,0.4,46-55
380,5/6/2023,CUST380,MALE,56,ELECTRONICS,2,300,600,2023,5,2,Saturday,May,TRUE,600,180,360,240,0.4,56+
381,7/9/2023,CUST381,FEMALE,44,CLOTHING,4,25,100,2023,7,3,Sunday,July,TRUE,100,15,60,40,0.4,36-45
382,5/26/2023,CUST382,FEMALE,53,CLOTHING,2,500,1000,2023,5,2,Friday,May,FALSE,1000,300,600,400,0.4,46-55
383,3/22/2023,CUST383,FEMALE,46,BEAUTY,3,30,90,2023,3,1,Wednesday,March,FALSE,90,18,54,36,0.4,46-55
384,8/13/2023,CUST384,MALE,55,CLOTHING,1,500,500,2023,8,3,Sunday,August,TRUE,500,300,300,200,0.4,56+
385,10/6/2023,CUST385,MALE,50,ELECTRONICS,3,500,1500,2023,10,4,Friday,October,FALSE,1500,300,900,600,0.4,46-55
386,12/27/2023,CUST386,FEMALE,54,ELECTRONICS,2,300,600,2023,12,4,Wednesday,December,FALSE,600,180,360,240,0.4,46-55
387,6/4/2023,CUST387,MALE,44,BEAUTY,1,30,30,2023,6,2,Sunday,June,TRUE,30,18,18,12,0.4,36-45
388,11/10/2023,CUST388,MALE,50,ELECTRONICS,1,25,25,2023,11,4,Friday,November,FALSE,25,15,15,10,0.4,46-55
389,12/1/2023,CUST389,MALE,21,CLOTHING,2,25,50,2023,12,4,Friday,December,FALSE,50,15,30,20,0.4,18-25
390,9/28/2023,CUST390,MALE,39,ELECTRONICS,2,50,100,2023,9,3,Thursday,September,FALSE,100,30,60,40,0.4,36-45
391,1/5/2023,CUST391,MALE,19,BEAUTY,2,25,50,2023,1,1,Thursday,January,FALSE,50,15,30,20,0.4,18-25
392,12/8/2023,CUST392,MALE,27,CLOTHING,2,300,600,2023,12,4,Friday,December,FALSE,600,180,360,240,0.4,26-35
393,10/11/2023,CUST393,FEMALE,22,BEAUTY,2,500,1000,2023,10,4,Wednesday,October,FALSE,1000,300,600,400,0.4,18-25
394,6/3/2023,CUST394,FEMALE,27,CLOTHING,1,500,500,2023,6,2,Saturday,June,TRUE,500,300,300,200,0.4,26-35
395,12/6/2023,CUST395,MALE,50,ELECTRONICS,2,500,1000,2023,12,4,Wednesday,December,FALSE,1000,300,600,400,0.4,46-55
396,2/23/2023,CUST396,FEMALE,55,BEAUTY,1,30,30,2023,2,1,Thursday,February,FALSE,30,18,18,12,0.4,56+
397,3/10/2023,CUST397,FEMALE,30,BEAUTY,1,25,25,2023,3,1,Friday,March,FALSE,25,15,15,10,0.4,26-35
398,5/16/2023,CUST398,FEMALE,48,CLOTHING,2,300,600,2023,5,2,Tuesday,May,FALSE,600,180,360,240,0.4,46-55
399,3/1/2023,CUST399,FEMALE,64,BEAUTY,2,30,60,2023,3,1,Wednesday,March,FALSE,60,18,36,24,0.4,56+
400,2/24/2023,CUST400,MALE,53,CLOTHING,4,50,200,2023,2,1,Friday,February,FALSE,200,30,120,80,0.4,46-55
401,10/11/2023,CUST401,FEMALE,62,CLOTHING,1,300,300,2023,10,4,Wednesday,October,FALSE,300,180,180,120,0.4,56+
402,3/21/2023,CUST402,FEMALE,41,CLOTHING,2,300,600,2023,3,1,Tuesday,March,FALSE,600,180,360,240,0.4,36-45
403,5/20/2023,CUST403,MALE,32,CLOTHING,2,300,600,2023,5,2,Saturday,May,TRUE,600,180,360,240,0.4,26-35
404,5/25/2023,CUST404,MALE,46,ELECTRONICS,2,500,1000,2023,5,2,Thursday,May,FALSE,1000,300,600,400,0.4,46-55
405,11/6/2023,CUST405,FEMALE,25,CLOTHING,4,300,1200,2023,11,4,Monday,November,FALSE,1200,180,720,480,0.4,26-35
406,4/18/2023,CUST406,FEMALE,22,BEAUTY,4,25,100,2023,4,2,Tuesday,April,FALSE,100,15,60,40,0.4,18-25
407,6/25/2023,CUST407,FEMALE,46,ELECTRONICS,3,300,900,2023,6,2,Sunday,June,TRUE,900,180,540,360,0.4,46-55
408,4/15/2023,CUST408,FEMALE,64,BEAUTY,1,500,500,2023,4,2,Saturday,April,TRUE,500,300,300,200,0.4,56+
409,12/18/2023,CUST409,FEMALE,21,ELECTRONICS,3,300,900,2023,12,4,Monday,December,FALSE,900,180,540,360,0.4,18-25
410,11/21/2023,CUST410,FEMALE,29,CLOTHING,2,50,100,2023,11,4,Tuesday,November,FALSE,100,30,60,40,0.4,26-35
411,5/16/2023,CUST411,MALE,62,ELECTRONICS,4,50,200,2023,5,2,Tuesday,May,FALSE,200,30,120,80,0.4,56+
412,9/16/2023,CUST412,FEMALE,19,ELECTRONICS,4,500,2000,2023,9,3,Saturday,September,TRUE,2000,300,1200,800,0.4,18-25
413,9/8/2023,CUST413,FEMALE,44,BEAUTY,3,25,75,2023,9,3,Friday,September,FALSE,75,15,45,30,0.4,36-45
414,5/9/2023,CUST414,MALE,48,BEAUTY,4,25,100,2023,5,2,Tuesday,May,FALSE,100,15,60,40,0.4,46-55
415,1/27/2023,CUST415,MALE,53,CLOTHING,2,30,60,2023,1,1,Friday,January,FALSE,60,18,36,24,0.4,46-55
416,2/17/2023,CUST416,MALE,53,ELECTRONICS,4,500,2000,2023,2,1,Friday,February,FALSE,2000,300,1200,800,0.4,46-55
417,11/21/2023,CUST417,MALE,43,ELECTRONICS,3,300,900,2023,11,4,Tuesday,November,FALSE,900,180,540,360,0.4,36-45
418,8/5/2023,CUST418,FEMALE,60,ELECTRONICS,2,500,1000,2023,8,3,Saturday,August,TRUE,1000,300,600,400,0.4,56+
419,5/22/2023,CUST419,FEMALE,44,CLOTHING,3,30,90,2023,5,2,Monday,May,FALSE,90,18,54,36,0.4,36-45
420,1/23/2023,CUST420,FEMALE,22,CLOTHING,4,500,2000,2023,1,1,Monday,January,FALSE,2000,300,1200,800,0.4,18-25
421,1/2/2023,CUST421,FEMALE,37,CLOTHING,3,500,1500,2023,1,1,Monday,January,FALSE,1500,300,900,600,0.4,36-45
422,6/20/2023,CUST422,FEMALE,28,CLOTHING,3,30,90,2023,6,2,Tuesday,June,FALSE,90,18,54,36,0.4,26-35
423,3/8/2023,CUST423,FEMALE,27,CLOTHING,1,25,25,2023,3,1,Wednesday,March,FALSE,25,15,15,10,0.4,26-35
424,11/23/2023,CUST424,MALE,57,BEAUTY,4,300,1200,2023,11,4,Thursday,November,FALSE,1200,180,720,480,0.4,56+
425,5/15/2023,CUST425,FEMALE,55,ELECTRONICS,4,30,120,2023,5,2,Monday,May,FALSE,120,18,72,48,0.4,56+
426,3/24/2023,CUST426,MALE,23,ELECTRONICS,3,50,150,2023,3,1,Friday,March,FALSE,150,30,90,60,0.4,18-25
427,8/15/2023,CUST427,MALE,25,ELECTRONICS,1,25,25,2023,8,3,Tuesday,August,FALSE,25,15,15,10,0.4,26-35
428,10/10/2023,CUST428,FEMALE,40,ELECTRONICS,4,50,200,2023,10,4,Tuesday,October,FALSE,200,30,120,80,0.4,36-45
429,12/28/2023,CUST429,MALE,64,ELECTRONICS,2,25,50,2023,12,4,Thursday,December,FALSE,50,15,30,20,0.4,56+
430,8/7/2023,CUST430,FEMALE,43,ELECTRONICS,3,300,900,2023,8,3,Monday,August,FALSE,900,180,540,360,0.4,36-45
431,10/15/2023,CUST431,MALE,63,ELECTRONICS,4,300,1200,2023,10,4,Sunday,October,TRUE,1200,180,720,480,0.4,56+
432,1/5/2023,CUST432,FEMALE,60,ELECTRONICS,2,500,1000,2023,1,1,Thursday,January,FALSE,1000,300,600,400,0.4,56+
433,2/27/2023,CUST433,MALE,29,BEAUTY,4,50,200,2023,2,1,Monday,February,FALSE,200,30,120,80,0.4,26-35
434,2/8/2023,CUST434,FEMALE,43,ELECTRONICS,2,25,50,2023,2,1,Wednesday,February,FALSE,50,15,30,20,0.4,36-45
435,12/20/2023,CUST435,FEMALE,30,BEAUTY,3,300,900,2023,12,4,Wednesday,December,FALSE,900,180,540,360,0.4,26-35
436,3/18/2023,CUST436,FEMALE,57,CLOTHING,4,30,120,2023,3,1,Saturday,March,TRUE,120,18,72,48,0.4,56+
437,10/7/2023,CUST437,FEMALE,35,ELECTRONICS,4,300,1200,2023,10,4,Saturday,October,TRUE,1200,180,720,480,0.4,36-45
438,1/19/2023,CUST438,FEMALE,42,CLOTHING,1,30,30,2023,1,1,Thursday,January,FALSE,30,18,18,12,0.4,36-45
439,7/9/2023,CUST439,MALE,50,CLOTHING,3,25,75,2023,7,3,Sunday,July,TRUE,75,15,45,30,0.4,46-55
440,10/26/2023,CUST440,MALE,64,CLOTHING,2,300,600,2023,10,4,Thursday,October,FALSE,600,180,360,240,0.4,56+
441,10/10/2023,CUST441,MALE,57,BEAUTY,4,300,1200,2023,10,4,Tuesday,October,FALSE,1200,180,720,480,0.4,56+
442,3/17/2023,CUST442,FEMALE,60,CLOTHING,4,25,100,2023,3,1,Friday,March,FALSE,100,15,60,40,0.4,56+
443,8/9/2023,CUST443,MALE,29,CLOTHING,2,300,600,2023,8,3,Wednesday,August,FALSE,600,180,360,240,0.4,26-35
444,3/7/2023,CUST444,FEMALE,61,CLOTHING,3,30,90,2023,3,1,Tuesday,March,FALSE,90,18,54,36,0.4,56+
445,1/22/2023,CUST445,FEMALE,53,ELECTRONICS,1,300,300,2023,1,1,Sunday,January,TRUE,300,180,180,120,0.4,46-55
446,6/7/2023,CUST446,MALE,21,ELECTRONICS,1,50,50,2023,6,2,Wednesday,June,FALSE,50,30,30,20,0.4,18-25
447,7/6/2023,CUST447,MALE,22,BEAUTY,4,500,2000,2023,7,3,Thursday,July,FALSE,2000,300,1200,800,0.4,18-25
448,1/21/2023,CUST448,FEMALE,54,BEAUTY,2,30,60,2023,1,1,Saturday,January,TRUE,60,18,36,24,0.4,46-55
449,7/3/2023,CUST449,MALE,25,ELECTRONICS,4,50,200,2023,7,3,Monday,July,FALSE,200,30,120,80,0.4,26-35
450,4/18/2023,CUST450,FEMALE,59,BEAUTY,2,25,50,2023,4,2,Tuesday,April,FALSE,50,15,30,20,0.4,56+
451,12/16/2023,CUST451,FEMALE,45,ELECTRONICS,1,30,30,2023,12,4,Saturday,December,TRUE,30,18,18,12,0.4,46-55
452,5/8/2023,CUST452,FEMALE,48,CLOTHING,3,500,1500,2023,5,2,Monday,May,FALSE,1500,300,900,600,0.4,46-55
453,12/8/2023,CUST453,FEMALE,26,CLOTHING,2,500,1000,2023,12,4,Friday,December,FALSE,1000,300,600,400,0.4,26-35
454,2/22/2023,CUST454,FEMALE,46,BEAUTY,1,25,25,2023,2,1,Wednesday,February,FALSE,25,15,15,10,0.4,46-55
455,7/1/2023,CUST455,MALE,31,ELECTRONICS,4,25,100,2023,7,3,Saturday,July,TRUE,100,15,60,40,0.4,26-35
456,10/14/2023,CUST456,MALE,57,ELECTRONICS,2,30,60,2023,10,4,Saturday,October,TRUE,60,18,36,24,0.4,56+
457,7/28/2023,CUST457,FEMALE,58,BEAUTY,3,300,900,2023,7,3,Friday,July,FALSE,900,180,540,360,0.4,56+
458,11/14/2023,CUST458,FEMALE,39,ELECTRONICS,4,25,100,2023,11,4,Tuesday,November,FALSE,100,15,60,40,0.4,36-45
459,3/21/2023,CUST459,MALE,28,CLOTHING,4,300,1200,2023,3,1,Tuesday,March,FALSE,1200,180,720,480,0.4,26-35
460,5/2/2023,CUST460,MALE,40,BEAUTY,1,50,50,2023,5,2,Tuesday,May,FALSE,50,30,30,20,0.4,36-45
461,3/25/2023,CUST461,FEMALE,18,BEAUTY,2,500,1000,2023,3,1,Saturday,March,TRUE,1000,300,600,400,0.4,18-25
462,4/1/2023,CUST462,MALE,63,ELECTRONICS,4,300,1200,2023,4,2,Saturday,April,TRUE,1200,180,720,480,0.4,56+
463,7/31/2023,CUST463,FEMALE,54,BEAUTY,3,500,1500,2023,7,3,Monday,July,FALSE,1500,300,900,600,0.4,46-55
464,1/13/2023,CUST464,MALE,38,ELECTRONICS,2,300,600,2023,1,1,Friday,January,FALSE,600,180,360,240,0.4,36-45
465,4/2/2023,CUST465,FEMALE,43,ELECTRONICS,3,50,150,2023,4,2,Sunday,April,TRUE,150,30,90,60,0.4,36-45
466,6/20/2023,CUST466,MALE,63,ELECTRONICS,4,25,100,2023,6,2,Tuesday,June,FALSE,100,15,60,40,0.4,56+
467,7/30/2023,CUST467,FEMALE,53,ELECTRONICS,3,50,150,2023,7,3,Sunday,July,TRUE,150,30,90,60,0.4,46-55
468,12/9/2023,CUST468,MALE,40,ELECTRONICS,1,25,25,2023,12,4,Saturday,December,TRUE,25,15,15,10,0.4,36-45
469,5/8/2023,CUST469,MALE,18,BEAUTY,3,25,75,2023,5,2,Monday,May,FALSE,75,15,45,30,0.4,18-25
470,5/17/2023,CUST470,FEMALE,57,CLOTHING,2,500,1000,2023,5,2,Wednesday,May,FALSE,1000,300,600,400,0.4,56+
471,3/23/2023,CUST471,MALE,32,CLOTHING,3,50,150,2023,3,1,Thursday,March,FALSE,150,30,90,60,0.4,26-35
472,12/26/2023,CUST472,FEMALE,38,BEAUTY,3,300,900,2023,12,4,Tuesday,December,FALSE,900,180,540,360,0.4,36-45
473,2/25/2023,CUST473,MALE,64,BEAUTY,1,50,50,2023,2,1,Saturday,February,TRUE,50,30,30,20,0.4,56+
474,7/15/2023,CUST474,FEMALE,26,CLOTHING,3,500,1500,2023,7,3,Saturday,July,TRUE,1500,300,900,600,0.4,26-35
475,1/20/2023,CUST475,MALE,26,CLOTHING,3,25,75,2023,1,1,Friday,January,FALSE,75,15,45,30,0.4,26-35
476,8/29/2023,CUST476,FEMALE,27,CLOTHING,4,500,2000,2023,8,3,Tuesday,August,FALSE,2000,300,1200,800,0.4,26-35
477,4/24/2023,CUST477,MALE,43,CLOTHING,4,30,120,2023,4,2,Monday,April,FALSE,120,18,72,48,0.4,36-45
478,4/13/2023,CUST478,FEMALE,58,CLOTHING,2,30,60,2023,4,2,Thursday,April,FALSE,60,18,36,24,0.4,56+
479,8/24/2023,CUST479,MALE,52,ELECTRONICS,4,300,1200,2023,8,3,Thursday,August,FALSE,1200,180,720,480,0.4,46-55
480,6/29/2023,CUST480,FEMALE,42,BEAUTY,4,500,2000,2023,6,2,Thursday,June,FALSE,2000,300,1200,800,0.4,36-45
481,6/6/2023,CUST481,FEMALE,43,ELECTRONICS,4,300,1200,2023,6,2,Tuesday,June,FALSE,1200,180,720,480,0.4,36-45
482,4/27/2023,CUST482,FEMALE,28,CLOTHING,4,300,1200,2023,4,2,Thursday,April,FALSE,1200,180,720,480,0.4,26-35
483,4/25/2023,CUST483,MALE,55,CLOTHING,1,30,30,2023,4,2,Tuesday,April,FALSE,30,18,18,12,0.4,56+
484,1/13/2023,CUST484,FEMALE,19,CLOTHING,4,300,1200,2023,1,1,Friday,January,FALSE,1200,180,720,480,0.4,18-25
485,12/4/2023,CUST485,MALE,24,ELECTRONICS,1,30,30,2023,12,4,Monday,December,FALSE,30,18,18,12,0.4,18-25
486,4/9/2023,CUST486,FEMALE,35,ELECTRONICS,1,25,25,2023,4,2,Sunday,April,TRUE,25,15,15,10,0.4,36-45
487,7/24/2023,CUST487,MALE,44,CLOTHING,4,500,2000,2023,7,3,Monday,July,FALSE,2000,300,1200,800,0.4,36-45
488,6/18/2023,CUST488,FEMALE,51,ELECTRONICS,3,300,900,2023,6,2,Sunday,June,TRUE,900,180,540,360,0.4,46-55
489,5/23/2023,CUST489,MALE,44,ELECTRONICS,1,30,30,2023,5,2,Tuesday,May,FALSE,30,18,18,12,0.4,36-45
490,2/5/2023,CUST490,MALE,34,CLOTHING,3,50,150,2023,2,1,Sunday,February,TRUE,150,30,90,60,0.4,26-35
491,5/23/2023,CUST491,FEMALE,60,ELECTRONICS,3,300,900,2023,5,2,Tuesday,May,FALSE,900,180,540,360,0.4,56+
492,6/29/2023,CUST492,MALE,61,BEAUTY,4,25,100,2023,6,2,Thursday,June,FALSE,100,15,60,40,0.4,56+
493,11/25/2023,CUST493,MALE,41,BEAUTY,2,25,50,2023,11,4,Saturday,November,TRUE,50,15,30,20,0.4,36-45
494,9/18/2023,CUST494,FEMALE,42,BEAUTY,4,50,200,2023,9,3,Monday,September,FALSE,200,30,120,80,0.4,36-45
495,7/24/2023,CUST495,MALE,24,BEAUTY,2,30,60,2023,7,3,Monday,July,FALSE,60,18,36,24,0.4,18-25
496,12/14/2023,CUST496,MALE,23,CLOTHING,2,300,600,2023,12,4,Thursday,December,FALSE,600,180,360,240,0.4,18-25
497,10/2/2023,CUST497,MALE,41,CLOTHING,4,30,120,2023,10,4,Monday,October,FALSE,120,18,72,48,0.4,36-45
498,6/19/2023,CUST498,FEMALE,50,CLOTHING,4,25,100,2023,6,2,Monday,June,FALSE,100,15,60,40,0.4,46-55
499,1/15/2023,CUST499,MALE,46,BEAUTY,2,30,60,2023,1,1,Sunday,January,TRUE,60,18,36,24,0.4,46-55
500,3/1/2023,CUST500,FEMALE,60,BEAUTY,4,25,100,2023,3,1,Wednesday,March,FALSE,100,15,60,40,0.4,56+
501,5/14/2023,CUST501,MALE,39,ELECTRONICS,2,30,60,2023,5,2,Sunday,May,TRUE,60,18,36,24,0.4,36-45
502,4/2/2023,CUST502,MALE,43,ELECTRONICS,3,50,150,2023,4,2,Sunday,April,TRUE,150,30,90,60,0.4,36-45
503,10/25/2023,CUST503,MALE,45,BEAUTY,4,500,2000,2023,10,4,Wednesday,October,FALSE,2000,300,1200,800,0.4,46-55
504,5/16/2023,CUST504,FEMALE,38,BEAUTY,3,50,150,2023,5,2,Tuesday,May,FALSE,150,30,90,60,0.4,36-45
505,1/20/2023,CUST505,MALE,24,BEAUTY,1,50,50,2023,1,1,Friday,January,FALSE,50,30,30,20,0.4,18-25
506,2/25/2023,CUST506,MALE,34,BEAUTY,3,500,1500,2023,2,1,Saturday,February,TRUE,1500,300,900,600,0.4,26-35
507,11/2/2023,CUST507,FEMALE,37,ELECTRONICS,3,500,1500,2023,11,4,Thursday,November,FALSE,1500,300,900,600,0.4,36-45
508,8/11/2023,CUST508,MALE,58,BEAUTY,2,300,600,2023,8,3,Friday,August,FALSE,600,180,360,240,0.4,56+
509,6/26/2023,CUST509,FEMALE,37,ELECTRONICS,3,300,900,2023,6,2,Monday,June,FALSE,900,180,540,360,0.4,36-45
510,6/10/2023,CUST510,FEMALE,39,BEAUTY,4,50,200,2023,6,2,Saturday,June,TRUE,200,30,120,80,0.4,36-45
511,8/12/2023,CUST511,MALE,45,BEAUTY,2,50,100,2023,8,3,Saturday,August,TRUE,100,30,60,40,0.4,46-55
512,11/7/2023,CUST512,FEMALE,57,BEAUTY,1,25,25,2023,11,4,Tuesday,November,FALSE,25,15,15,10,0.4,56+
513,9/19/2023,CUST513,MALE,24,ELECTRONICS,4,25,100,2023,9,3,Tuesday,September,FALSE,100,15,60,40,0.4,18-25
514,3/1/2023,CUST514,FEMALE,18,ELECTRONICS,1,300,300,2023,3,1,Wednesday,March,FALSE,300,180,180,120,0.4,18-25
515,7/17/2023,CUST515,FEMALE,49,CLOTHING,3,300,900,2023,7,3,Monday,July,FALSE,900,180,540,360,0.4,46-55
516,10/23/2023,CUST516,MALE,30,BEAUTY,4,25,100,2023,10,4,Monday,October,FALSE,100,15,60,40,0.4,26-35
517,4/8/2023,CUST517,FEMALE,47,CLOTHING,4,25,100,2023,4,2,Saturday,April,TRUE,100,15,60,40,0.4,46-55
518,5/11/2023,CUST518,FEMALE,40,CLOTHING,1,30,30,2023,5,2,Thursday,May,FALSE,30,18,18,12,0.4,36-45
519,1/23/2023,CUST519,FEMALE,36,ELECTRONICS,4,30,120,2023,1,1,Monday,January,FALSE,120,18,72,48,0.4,36-45
520,12/29/2023,CUST520,FEMALE,49,ELECTRONICS,4,25,100,2023,12,4,Friday,December,FALSE,100,15,60,40,0.4,46-55
521,8/12/2023,CUST521,FEMALE,47,CLOTHING,4,30,120,2023,8,3,Saturday,August,TRUE,120,18,72,48,0.4,46-55
522,1/1/2023,CUST522,MALE,46,BEAUTY,3,500,1500,2023,1,1,Sunday,January,TRUE,1500,300,900,600,0.4,46-55
523,9/24/2023,CUST523,FEMALE,62,ELECTRONICS,1,300,300,2023,9,3,Sunday,September,TRUE,300,180,180,120,0.4,56+
524,10/3/2023,CUST524,MALE,46,BEAUTY,4,300,1200,2023,10,4,Tuesday,October,FALSE,1200,180,720,480,0.4,46-55
525,12/18/2023,CUST525,FEMALE,47,BEAUTY,2,25,50,2023,12,4,Monday,December,FALSE,50,15,30,20,0.4,46-55
526,12/10/2023,CUST526,MALE,33,CLOTHING,2,50,100,2023,12,4,Sunday,December,TRUE,100,30,60,40,0.4,26-35
527,4/11/2023,CUST527,MALE,57,CLOTHING,2,25,50,2023,4,2,Tuesday,April,FALSE,50,15,30,20,0.4,56+
528,7/6/2023,CUST528,FEMALE,36,CLOTHING,2,30,60,2023,7,3,Thursday,July,FALSE,60,18,36,24,0.4,36-45
529,8/9/2023,CUST529,FEMALE,35,CLOTHING,3,50,150,2023,8,3,Wednesday,August,FALSE,150,30,90,60,0.4,36-45
530,2/5/2023,CUST530,FEMALE,18,ELECTRONICS,4,30,120,2023,2,1,Sunday,February,TRUE,120,18,72,48,0.4,18-25
531,12/7/2023,CUST531,MALE,31,ELECTRONICS,1,500,500,2023,12,4,Thursday,December,FALSE,500,300,300,200,0.4,26-35
532,6/19/2023,CUST532,FEMALE,64,CLOTHING,4,30,120,2023,6,2,Monday,June,FALSE,120,18,72,48,0.4,56+
533,11/16/2023,CUST533,MALE,19,ELECTRONICS,3,500,1500,2023,11,4,Thursday,November,FALSE,1500,300,900,600,0.4,18-25
534,6/10/2023,CUST534,MALE,45,CLOTHING,2,500,1000,2023,6,2,Saturday,June,TRUE,1000,300,600,400,0.4,46-55
535,12/6/2023,CUST535,MALE,47,BEAUTY,3,30,90,2023,12,4,Wednesday,December,FALSE,90,18,54,36,0.4,46-55
536,3/5/2023,CUST536,FEMALE,55,BEAUTY,4,30,120,2023,3,1,Sunday,March,TRUE,120,18,72,48,0.4,56+
537,6/3/2023,CUST537,FEMALE,21,BEAUTY,1,500,500,2023,6,2,Saturday,June,TRUE,500,300,300,200,0.4,18-25
538,9/17/2023,CUST538,MALE,18,CLOTHING,3,50,150,2023,9,3,Sunday,September,TRUE,150,30,90,60,0.4,18-25
539,6/8/2023,CUST539,MALE,25,BEAUTY,1,500,500,2023,6,2,Thursday,June,FALSE,500,300,300,200,0.4,26-35
540,12/8/2023,CUST540,FEMALE,46,ELECTRONICS,3,300,900,2023,12,4,Friday,December,FALSE,900,180,540,360,0.4,46-55
541,7/29/2023,CUST541,MALE,56,BEAUTY,1,500,500,2023,7,3,Saturday,July,TRUE,500,300,300,200,0.4,56+
542,6/17/2023,CUST542,FEMALE,20,BEAUTY,1,50,50,2023,6,2,Saturday,June,TRUE,50,30,30,20,0.4,18-25
543,7/26/2023,CUST543,MALE,49,BEAUTY,2,300,600,2023,7,3,Wednesday,July,FALSE,600,180,360,240,0.4,46-55
544,12/23/2023,CUST544,FEMALE,27,ELECTRONICS,1,25,25,2023,12,4,Saturday,December,TRUE,25,15,15,10,0.4,26-35
545,6/1/2023,CUST545,MALE,27,CLOTHING,2,25,50,2023,6,2,Thursday,June,FALSE,50,15,30,20,0.4,26-35
546,10/11/2023,CUST546,FEMALE,36,ELECTRONICS,4,50,200,2023,10,4,Wednesday,October,FALSE,200,30,120,80,0.4,36-45
547,3/7/2023,CUST547,MALE,63,CLOTHING,4,500,2000,2023,3,1,Tuesday,March,FALSE,2000,300,1200,800,0.4,56+
548,4/9/2023,CUST548,FEMALE,51,CLOTHING,2,30,60,2023,4,2,Sunday,April,TRUE,60,18,36,24,0.4,46-55
549,8/4/2023,CUST549,FEMALE,50,BEAUTY,2,50,100,2023,8,3,Friday,August,FALSE,100,30,60,40,0.4,46-55
550,12/7/2023,CUST550,MALE,40,CLOTHING,3,300,900,2023,12,4,Thursday,December,FALSE,900,180,540,360,0.4,36-45
551,7/14/2023,CUST551,MALE,45,ELECTRONICS,3,300,900,2023,7,3,Friday,July,FALSE,900,180,540,360,0.4,46-55
552,12/13/2023,CUST552,FEMALE,49,ELECTRONICS,3,25,75,2023,12,4,Wednesday,December,FALSE,75,15,45,30,0.4,46-55
553,3/31/2023,CUST553,MALE,24,CLOTHING,4,300,1200,2023,3,1,Friday,March,FALSE,1200,180,720,480,0.4,18-25
554,11/12/2023,CUST554,FEMALE,46,BEAUTY,3,50,150,2023,11,4,Sunday,November,TRUE,150,30,90,60,0.4,46-55
555,10/19/2023,CUST555,MALE,25,BEAUTY,1,300,300,2023,10,4,Thursday,October,FALSE,300,180,180,120,0.4,26-35
556,6/4/2023,CUST556,FEMALE,18,ELECTRONICS,1,50,50,2023,6,2,Sunday,June,TRUE,50,30,30,20,0.4,18-25
557,7/27/2023,CUST557,FEMALE,20,BEAUTY,3,30,90,2023,7,3,Thursday,July,FALSE,90,18,54,36,0.4,18-25
558,10/8/2023,CUST558,FEMALE,41,CLOTHING,1,25,25,2023,10,4,Sunday,October,TRUE,25,15,15,10,0.4,36-45
559,1/1/2023,CUST559,FEMALE,40,CLOTHING,4,300,1200,2023,1,1,Sunday,January,TRUE,1200,180,720,480,0.4,36-45
560,6/5/2023,CUST560,FEMALE,25,ELECTRONICS,1,50,50,2023,6,2,Monday,June,FALSE,50,30,30,20,0.4,26-35
561,5/27/2023,CUST561,FEMALE,64,CLOTHING,4,500,2000,2023,5,2,Saturday,May,TRUE,2000,300,1200,800,0.4,56+
562,4/18/2023,CUST562,MALE,54,ELECTRONICS,2,25,50,2023,4,2,Tuesday,April,FALSE,50,15,30,20,0.4,46-55
563,8/9/2023,CUST563,MALE,20,CLOTHING,2,30,60,2023,8,3,Wednesday,August,FALSE,60,18,36,24,0.4,18-25
564,10/24/2023,CUST564,MALE,50,ELECTRONICS,2,50,100,2023,10,4,Tuesday,October,FALSE,100,30,60,40,0.4,46-55
565,11/7/2023,CUST565,FEMALE,45,BEAUTY,2,30,60,2023,11,4,Tuesday,November,FALSE,60,18,36,24,0.4,46-55
566,12/2/2023,CUST566,FEMALE,64,CLOTHING,1,30,30,2023,12,4,Saturday,December,TRUE,30,18,18,12,0.4,56+
567,6/14/2023,CUST567,FEMALE,25,CLOTHING,3,300,900,2023,6,2,Wednesday,June,FALSE,900,180,540,360,0.4,26-35
568,8/27/2023,CUST568,FEMALE,51,ELECTRONICS,1,300,300,2023,8,3,Sunday,August,TRUE,300,180,180,120,0.4,46-55
569,8/15/2023,CUST569,MALE,52,ELECTRONICS,4,50,200,2023,8,3,Tuesday,August,FALSE,200,30,120,80,0.4,46-55
570,8/15/2023,CUST570,MALE,49,CLOTHING,1,500,500,2023,8,3,Tuesday,August,FALSE,500,300,300,200,0.4,46-55
571,12/12/2023,CUST571,FEMALE,41,ELECTRONICS,1,50,50,2023,12,4,Tuesday,December,FALSE,50,30,30,20,0.4,36-45
572,4/20/2023,CUST572,MALE,31,CLOTHING,4,500,2000,2023,4,2,Thursday,April,FALSE,2000,300,1200,800,0.4,26-35
573,9/19/2023,CUST573,MALE,49,BEAUTY,2,30,60,2023,9,3,Tuesday,September,FALSE,60,18,36,24,0.4,46-55
574,8/31/2023,CUST574,FEMALE,63,ELECTRONICS,2,25,50,2023,8,3,Thursday,August,FALSE,50,15,30,20,0.4,56+
575,3/28/2023,CUST575,MALE,60,CLOTHING,2,50,100,2023,3,1,Tuesday,March,FALSE,100,30,60,40,0.4,56+
576,12/4/2023,CUST576,FEMALE,33,BEAUTY,3,50,150,2023,12,4,Monday,December,FALSE,150,30,90,60,0.4,26-35
577,2/13/2023,CUST577,MALE,21,BEAUTY,4,500,2000,2023,2,1,Monday,February,FALSE,2000,300,1200,800,0.4,18-25
578,5/26/2023,CUST578,FEMALE,54,CLOTHING,4,30,120,2023,5,2,Friday,May,FALSE,120,18,72,48,0.4,46-55
579,9/21/2023,CUST579,FEMALE,38,ELECTRONICS,1,30,30,2023,9,3,Thursday,September,FALSE,30,18,18,12,0.4,36-45
580,12/6/2023,CUST580,FEMALE,31,CLOTHING,3,500,1500,2023,12,4,Wednesday,December,FALSE,1500,300,900,600,0.4,26-35
581,11/21/2023,CUST581,FEMALE,48,BEAUTY,2,30,60,2023,11,4,Tuesday,November,FALSE,60,18,36,24,0.4,46-55
582,11/14/2023,CUST582,MALE,35,CLOTHING,3,300,900,2023,11,4,Tuesday,November,FALSE,900,180,540,360,0.4,36-45
583,6/21/2023,CUST583,FEMALE,24,ELECTRONICS,4,25,100,2023,6,2,Wednesday,June,FALSE,100,15,60,40,0.4,18-25
584,2/17/2023,CUST584,FEMALE,27,BEAUTY,4,50,200,2023,2,1,Friday,February,FALSE,200,30,120,80,0.4,26-35
585,5/1/2023,CUST585,FEMALE,24,CLOTHING,1,25,25,2023,5,2,Monday,May,FALSE,25,15,15,10,0.4,18-25
586,12/11/2023,CUST586,MALE,50,ELECTRONICS,1,50,50,2023,12,4,Monday,December,FALSE,50,30,30,20,0.4,46-55
587,6/8/2023,CUST587,FEMALE,40,BEAUTY,4,300,1200,2023,6,2,Thursday,June,FALSE,1200,180,720,480,0.4,36-45
588,4/26/2023,CUST588,MALE,38,ELECTRONICS,2,30,60,2023,4,2,Wednesday,April,FALSE,60,18,36,24,0.4,36-45
589,4/12/2023,CUST589,FEMALE,36,BEAUTY,2,500,1000,2023,4,2,Wednesday,April,FALSE,1000,300,600,400,0.4,36-45
590,3/17/2023,CUST590,MALE,36,CLOTHING,3,300,900,2023,3,1,Friday,March,FALSE,900,180,540,360,0.4,36-45
591,1/13/2023,CUST591,MALE,53,ELECTRONICS,4,25,100,2023,1,1,Friday,January,FALSE,100,15,60,40,0.4,46-55
592,1/24/2023,CUST592,FEMALE,46,BEAUTY,4,500,2000,2023,1,1,Tuesday,January,FALSE,2000,300,1200,800,0.4,46-55
593,5/6/2023,CUST593,MALE,35,ELECTRONICS,2,30,60,2023,5,2,Saturday,May,TRUE,60,18,36,24,0.4,36-45
594,9/1/2023,CUST594,FEMALE,19,ELECTRONICS,2,300,600,2023,9,3,Friday,September,FALSE,600,180,360,240,0.4,18-25
595,11/9/2023,CUST595,FEMALE,18,CLOTHING,4,500,2000,2023,11,4,Thursday,November,FALSE,2000,300,1200,800,0.4,18-25
596,2/7/2023,CUST596,FEMALE,64,ELECTRONICS,1,300,300,2023,2,1,Tuesday,February,FALSE,300,180,180,120,0.4,56+
597,8/22/2023,CUST597,MALE,22,BEAUTY,4,300,1200,2023,8,3,Tuesday,August,FALSE,1200,180,720,480,0.4,18-25
598,8/1/2023,CUST598,MALE,37,BEAUTY,4,30,120,2023,8,3,Tuesday,August,FALSE,120,18,72,48,0.4,36-45
599,11/19/2023,CUST599,FEMALE,28,BEAUTY,2,50,100,2023,11,4,Sunday,November,TRUE,100,30,60,40,0.4,26-35
600,10/22/2023,CUST600,FEMALE,59,BEAUTY,2,500,1000,2023,10,4,Sunday,October,TRUE,1000,300,600,400,0.4,56+
601,4/10/2023,CUST601,MALE,19,CLOTHING,1,30,30,2023,4,2,Monday,April,FALSE,30,18,18,12,0.4,18-25
602,12/23/2023,CUST602,FEMALE,20,ELECTRONICS,1,300,300,2023,12,4,Saturday,December,TRUE,300,180,180,120,0.4,18-25
603,7/16/2023,CUST603,FEMALE,40,CLOTHING,3,30,90,2023,7,3,Sunday,July,TRUE,90,18,54,36,0.4,36-45
604,9/11/2023,CUST604,FEMALE,29,ELECTRONICS,4,50,200,2023,9,3,Monday,September,FALSE,200,30,120,80,0.4,26-35
605,7/24/2023,CUST605,MALE,37,ELECTRONICS,2,500,1000,2023,7,3,Monday,July,FALSE,1000,300,600,400,0.4,36-45
606,5/5/2023,CUST606,MALE,22,ELECTRONICS,1,50,50,2023,5,2,Friday,May,FALSE,50,30,30,20,0.4,18-25
607,3/17/2023,CUST607,MALE,54,CLOTHING,3,25,75,2023,3,1,Friday,March,FALSE,75,15,45,30,0.4,46-55
608,12/2/2023,CUST608,FEMALE,55,ELECTRONICS,3,500,1500,2023,12,4,Saturday,December,TRUE,1500,300,900,600,0.4,56+
609,12/19/2023,CUST609,FEMALE,47,CLOTHING,2,50,100,2023,12,4,Tuesday,December,FALSE,100,30,60,40,0.4,46-55
610,1/3/2023,CUST610,FEMALE,26,BEAUTY,2,300,600,2023,1,1,Tuesday,January,FALSE,600,180,360,240,0.4,26-35
611,2/24/2023,CUST611,MALE,51,BEAUTY,3,500,1500,2023,2,1,Friday,February,FALSE,1500,300,900,600,0.4,46-55
612,8/6/2023,CUST612,FEMALE,61,ELECTRONICS,1,500,500,2023,8,3,Sunday,August,TRUE,500,300,300,200,0.4,56+
613,4/23/2023,CUST613,FEMALE,52,CLOTHING,3,30,90,2023,4,2,Sunday,April,TRUE,90,18,54,36,0.4,46-55
614,4/1/2023,CUST614,FEMALE,39,BEAUTY,4,300,1200,2023,4,2,Saturday,April,TRUE,1200,180,720,480,0.4,36-45
615,12/23/2023,CUST615,FEMALE,61,CLOTHING,4,25,100,2023,12,4,Saturday,December,TRUE,100,15,60,40,0.4,56+
616,9/23/2023,CUST616,MALE,41,CLOTHING,2,50,100,2023,9,3,Saturday,September,TRUE,100,30,60,40,0.4,36-45
617,8/26/2023,CUST617,MALE,34,ELECTRONICS,1,30,30,2023,8,3,Saturday,August,TRUE,30,18,18,12,0.4,26-35
618,1/26/2023,CUST618,FEMALE,27,BEAUTY,1,50,50,2023,1,1,Thursday,January,FALSE,50,30,30,20,0.4,26-35
619,10/13/2023,CUST619,MALE,47,ELECTRONICS,4,25,100,2023,10,4,Friday,October,FALSE,100,15,60,40,0.4,46-55
620,5/8/2023,CUST620,MALE,63,ELECTRONICS,3,25,75,2023,5,2,Monday,May,FALSE,75,15,45,30,0.4,56+
621,3/4/2023,CUST621,FEMALE,40,BEAUTY,2,500,1000,2023,3,1,Saturday,March,TRUE,1000,300,600,400,0.4,36-45
622,8/22/2023,CUST622,FEMALE,49,BEAUTY,3,25,75,2023,8,3,Tuesday,August,FALSE,75,15,45,30,0.4,46-55
623,3/10/2023,CUST623,MALE,34,CLOTHING,3,50,150,2023,3,1,Friday,March,FALSE,150,30,90,60,0.4,26-35
624,8/26/2023,CUST624,FEMALE,34,BEAUTY,3,300,900,2023,8,3,Saturday,August,TRUE,900,180,540,360,0.4,26-35
625,12/8/2023,CUST625,MALE,31,CLOTHING,1,300,300,2023,12,4,Friday,December,FALSE,300,180,180,120,0.4,26-35
626,9/29/2023,CUST626,FEMALE,26,CLOTHING,4,500,2000,2023,9,3,Friday,September,FALSE,2000,300,1200,800,0.4,26-35
627,10/14/2023,CUST627,MALE,57,CLOTHING,1,50,50,2023,10,4,Saturday,October,TRUE,50,30,30,20,0.4,56+
628,11/1/2023,CUST628,FEMALE,19,BEAUTY,4,50,200,2023,11,4,Wednesday,November,FALSE,200,30,120,80,0.4,18-25
629,6/12/2023,CUST629,MALE,62,ELECTRONICS,2,25,50,2023,6,2,Monday,June,FALSE,50,15,30,20,0.4,56+
630,8/15/2023,CUST630,MALE,42,CLOTHING,2,50,100,2023,8,3,Tuesday,August,FALSE,100,30,60,40,0.4,36-45
631,11/10/2023,CUST631,MALE,56,ELECTRONICS,3,30,90,2023,11,4,Friday,November,FALSE,90,18,54,36,0.4,56+
632,9/16/2023,CUST632,FEMALE,26,ELECTRONICS,4,25,100,2023,9,3,Saturday,September,TRUE,100,15,60,40,0.4,26-35
633,8/7/2023,CUST633,MALE,39,BEAUTY,4,30,120,2023,8,3,Monday,August,FALSE,120,18,72,48,0.4,36-45
634,10/8/2023,CUST634,MALE,60,ELECTRONICS,4,500,2000,2023,10,4,Sunday,October,TRUE,2000,300,1200,800,0.4,56+
635,8/17/2023,CUST635,FEMALE,63,ELECTRONICS,3,300,900,2023,8,3,Thursday,August,FALSE,900,180,540,360,0.4,56+
636,3/23/2023,CUST636,FEMALE,21,BEAUTY,3,500,1500,2023,3,1,Thursday,March,FALSE,1500,300,900,600,0.4,18-25
637,9/1/2023,CUST637,MALE,43,CLOTHING,2,300,600,2023,9,3,Friday,September,FALSE,600,180,360,240,0.4,36-45
638,8/19/2023,CUST638,MALE,46,ELECTRONICS,1,500,500,2023,8,3,Saturday,August,TRUE,500,300,300,200,0.4,46-55
639,5/13/2023,CUST639,FEMALE,62,BEAUTY,4,50,200,2023,5,2,Saturday,May,TRUE,200,30,120,80,0.4,56+
640,5/7/2023,CUST640,FEMALE,51,ELECTRONICS,4,30,120,2023,5,2,Sunday,May,TRUE,120,18,72,48,0.4,46-55
641,11/23/2023,CUST641,FEMALE,40,ELECTRONICS,1,300,300,2023,11,4,Thursday,November,FALSE,300,180,180,120,0.4,36-45
642,5/22/2023,CUST642,FEMALE,54,CLOTHING,4,25,100,2023,5,2,Monday,May,FALSE,100,15,60,40,0.4,46-55
643,9/24/2023,CUST643,FEMALE,28,ELECTRONICS,3,30,90,2023,9,3,Sunday,September,TRUE,90,18,54,36,0.4,26-35
644,9/6/2023,CUST644,MALE,23,BEAUTY,3,25,75,2023,9,3,Wednesday,September,FALSE,75,15,45,30,0.4,18-25
645,11/17/2023,CUST645,FEMALE,35,ELECTRONICS,4,30,120,2023,11,4,Friday,November,FALSE,120,18,72,48,0.4,36-45
646,5/3/2023,CUST646,MALE,38,CLOTHING,3,30,90,2023,5,2,Wednesday,May,FALSE,90,18,54,36,0.4,36-45
647,5/21/2023,CUST647,MALE,59,CLOTHING,3,500,1500,2023,5,2,Sunday,May,TRUE,1500,300,900,600,0.4,56+
648,8/14/2023,CUST648,MALE,53,BEAUTY,4,300,1200,2023,8,3,Monday,August,FALSE,1200,180,720,480,0.4,46-55
649,2/9/2023,CUST649,FEMALE,58,CLOTHING,2,300,600,2023,2,1,Thursday,February,FALSE,600,180,360,240,0.4,56+
650,1/1/2024,CUST650,MALE,55,ELECTRONICS,1,30,30,2024,1,1,Monday,January,FALSE,30,18,18,12,0.4,56+
651,5/27/2023,CUST651,MALE,51,CLOTHING,3,50,150,2023,5,2,Saturday,May,TRUE,150,30,90,60,0.4,46-55
652,5/1/2023,CUST652,FEMALE,34,BEAUTY,2,50,100,2023,5,2,Monday,May,FALSE,100,30,60,40,0.4,26-35
653,5/20/2023,CUST653,MALE,54,CLOTHING,3,25,75,2023,5,2,Saturday,May,TRUE,75,15,45,30,0.4,46-55
654,6/21/2023,CUST654,MALE,42,CLOTHING,3,25,75,2023,6,2,Wednesday,June,FALSE,75,15,45,30,0.4,36-45
655,6/13/2023,CUST655,FEMALE,55,CLOTHING,1,500,500,2023,6,2,Tuesday,June,FALSE,500,300,300,200,0.4,56+
656,10/4/2023,CUST656,MALE,29,BEAUTY,3,30,90,2023,10,4,Wednesday,October,FALSE,90,18,54,36,0.4,26-35
657,2/11/2023,CUST657,MALE,40,CLOTHING,1,25,25,2023,2,1,Saturday,February,TRUE,25,15,15,10,0.4,36-45
658,3/12/2023,CUST658,MALE,59,CLOTHING,1,25,25,2023,3,1,Sunday,March,TRUE,25,15,15,10,0.4,56+
659,3/19/2023,CUST659,FEMALE,39,ELECTRONICS,1,30,30,2023,3,1,Sunday,March,TRUE,30,18,18,12,0.4,36-45
660,4/29/2023,CUST660,FEMALE,38,BEAUTY,2,500,1000,2023,4,2,Saturday,April,TRUE,1000,300,600,400,0.4,36-45
661,7/16/2023,CUST661,FEMALE,44,CLOTHING,4,25,100,2023,7,3,Sunday,July,TRUE,100,15,60,40,0.4,36-45
662,12/22/2023,CUST662,MALE,48,BEAUTY,2,500,1000,2023,12,4,Friday,December,FALSE,1000,300,600,400,0.4,46-55
663,3/20/2023,CUST663,MALE,23,CLOTHING,4,300,1200,2023,3,1,Monday,March,FALSE,1200,180,720,480,0.4,18-25
664,12/28/2023,CUST664,FEMALE,44,CLOTHING,4,500,2000,2023,12,4,Thursday,December,FALSE,2000,300,1200,800,0.4,36-45
665,4/20/2023,CUST665,MALE,57,CLOTHING,1,50,50,2023,4,2,Thursday,April,FALSE,50,30,30,20,0.4,56+
666,2/2/2023,CUST666,MALE,51,ELECTRONICS,3,50,150,2023,2,1,Thursday,February,FALSE,150,30,90,60,0.4,46-55
667,8/1/2023,CUST667,FEMALE,29,ELECTRONICS,1,500,500,2023,8,3,Tuesday,August,FALSE,500,300,300,200,0.4,26-35
668,7/28/2023,CUST668,FEMALE,62,ELECTRONICS,3,50,150,2023,7,3,Friday,July,FALSE,150,30,90,60,0.4,56+
669,6/19/2023,CUST669,MALE,24,BEAUTY,4,300,1200,2023,6,2,Monday,June,FALSE,1200,180,720,480,0.4,18-25
670,10/5/2023,CUST670,MALE,27,BEAUTY,1,30,30,2023,10,4,Thursday,October,FALSE,30,18,18,12,0.4,26-35
671,8/27/2023,CUST671,MALE,62,ELECTRONICS,3,50,150,2023,8,3,Sunday,August,TRUE,150,30,90,60,0.4,56+
672,8/1/2023,CUST672,FEMALE,34,BEAUTY,2,50,100,2023,8,3,Tuesday,August,FALSE,100,30,60,40,0.4,26-35
673,2/1/2023,CUST673,FEMALE,43,CLOTHING,3,500,1500,2023,2,1,Wednesday,February,FALSE,1500,300,900,600,0.4,36-45
674,4/16/2023,CUST674,FEMALE,38,CLOTHING,1,300,300,2023,4,2,Sunday,April,TRUE,300,180,180,120,0.4,36-45
675,8/4/2023,CUST675,FEMALE,45,CLOTHING,2,30,60,2023,8,3,Friday,August,FALSE,60,18,36,24,0.4,46-55
676,7/19/2023,CUST676,MALE,63,ELECTRONICS,3,500,1500,2023,7,3,Wednesday,July,FALSE,1500,300,900,600,0.4,56+
677,10/27/2023,CUST677,FEMALE,19,BEAUTY,3,500,1500,2023,10,4,Friday,October,FALSE,1500,300,900,600,0.4,18-25
678,12/23/2023,CUST678,FEMALE,60,ELECTRONICS,3,300,900,2023,12,4,Saturday,December,TRUE,900,180,540,360,0.4,56+
679,1/11/2023,CUST679,FEMALE,18,BEAUTY,3,30,90,2023,1,1,Wednesday,January,FALSE,90,18,54,36,0.4,18-25
680,10/22/2023,CUST680,FEMALE,53,CLOTHING,3,300,900,2023,10,4,Sunday,October,TRUE,900,180,540,360,0.4,46-55
681,7/14/2023,CUST681,FEMALE,43,ELECTRONICS,2,30,60,2023,7,3,Friday,July,FALSE,60,18,36,24,0.4,36-45
682,9/2/2023,CUST682,MALE,46,BEAUTY,4,300,1200,2023,9,3,Saturday,September,TRUE,1200,180,720,480,0.4,46-55
683,1/4/2023,CUST683,MALE,38,BEAUTY,2,500,1000,2023,1,1,Wednesday,January,FALSE,1000,300,600,400,0.4,36-45
684,6/30/2023,CUST684,FEMALE,28,CLOTHING,2,500,1000,2023,6,2,Friday,June,FALSE,1000,300,600,400,0.4,26-35
685,6/2/2023,CUST685,MALE,57,ELECTRONICS,2,25,50,2023,6,2,Friday,June,FALSE,50,15,30,20,0.4,56+
686,7/19/2023,CUST686,FEMALE,28,ELECTRONICS,4,50,200,2023,7,3,Wednesday,July,FALSE,200,30,120,80,0.4,26-35
687,8/3/2023,CUST687,FEMALE,53,ELECTRONICS,1,300,300,2023,8,3,Thursday,August,FALSE,300,180,180,120,0.4,46-55
688,10/3/2023,CUST688,MALE,56,CLOTHING,4,25,100,2023,10,4,Tuesday,October,FALSE,100,15,60,40,0.4,56+
689,10/7/2023,CUST689,MALE,57,ELECTRONICS,2,50,100,2023,10,4,Saturday,October,TRUE,100,30,60,40,0.4,56+
690,11/5/2023,CUST690,FEMALE,52,CLOTHING,3,300,900,2023,11,4,Sunday,November,TRUE,900,180,540,360,0.4,46-55
691,4/23/2023,CUST691,FEMALE,51,CLOTHING,3,30,90,2023,4,2,Sunday,April,TRUE,90,18,54,36,0.4,46-55
692,9/7/2023,CUST692,FEMALE,64,CLOTHING,2,50,100,2023,9,3,Thursday,September,FALSE,100,30,60,40,0.4,56+
693,4/23/2023,CUST693,MALE,41,BEAUTY,3,500,1500,2023,4,2,Sunday,April,TRUE,1500,300,900,600,0.4,36-45
694,5/20/2023,CUST694,FEMALE,39,ELECTRONICS,2,25,50,2023,5,2,Saturday,May,TRUE,50,15,30,20,0.4,36-45
695,8/12/2023,CUST695,FEMALE,22,ELECTRONICS,3,50,150,2023,8,3,Saturday,August,TRUE,150,30,90,60,0.4,18-25
696,9/6/2023,CUST696,FEMALE,50,CLOTHING,4,50,200,2023,9,3,Wednesday,September,FALSE,200,30,120,80,0.4,46-55
697,1/15/2023,CUST697,MALE,53,CLOTHING,1,500,500,2023,1,1,Sunday,January,TRUE,500,300,300,200,0.4,46-55
698,7/19/2023,CUST698,FEMALE,64,ELECTRONICS,1,300,300,2023,7,3,Wednesday,July,FALSE,300,180,180,120,0.4,56+
699,6/22/2023,CUST699,FEMALE,37,CLOTHING,4,30,120,2023,6,2,Thursday,June,FALSE,120,18,72,48,0.4,36-45
700,12/9/2023,CUST700,MALE,36,ELECTRONICS,4,500,2000,2023,12,4,Saturday,December,TRUE,2000,300,1200,800,0.4,36-45
701,12/14/2023,CUST701,FEMALE,52,BEAUTY,2,30,60,2023,12,4,Thursday,December,FALSE,60,18,36,24,0.4,46-55
702,7/27/2023,CUST702,FEMALE,60,CLOTHING,2,300,600,2023,7,3,Thursday,July,FALSE,600,180,360,240,0.4,56+
703,3/26/2023,CUST703,MALE,34,ELECTRONICS,2,50,100,2023,3,1,Sunday,March,TRUE,100,30,60,40,0.4,26-35
704,8/28/2023,CUST704,FEMALE,62,CLOTHING,3,30,90,2023,8,3,Monday,August,FALSE,90,18,54,36,0.4,56+
705,3/7/2023,CUST705,MALE,60,ELECTRONICS,2,25,50,2023,3,1,Tuesday,March,FALSE,50,15,30,20,0.4,56+
706,11/15/2023,CUST706,MALE,51,ELECTRONICS,4,25,100,2023,11,4,Wednesday,November,FALSE,100,15,60,40,0.4,46-55
707,10/1/2023,CUST707,FEMALE,26,CLOTHING,1,500,500,2023,10,4,Sunday,October,TRUE,500,300,300,200,0.4,26-35
708,1/14/2023,CUST708,FEMALE,43,BEAUTY,3,300,900,2023,1,1,Saturday,January,TRUE,900,180,540,360,0.4,36-45
709,7/21/2023,CUST709,FEMALE,19,ELECTRONICS,2,500,1000,2023,7,3,Friday,July,FALSE,1000,300,600,400,0.4,18-25
710,10/31/2023,CUST710,FEMALE,26,ELECTRONICS,3,500,1500,2023,10,4,Tuesday,October,FALSE,1500,300,900,600,0.4,26-35
711,10/16/2023,CUST711,MALE,26,ELECTRONICS,3,500,1500,2023,10,4,Monday,October,FALSE,1500,300,900,600,0.4,26-35
712,12/6/2023,CUST712,FEMALE,57,BEAUTY,2,25,50,2023,12,4,Wednesday,December,FALSE,50,15,30,20,0.4,56+
713,1/14/2023,CUST713,MALE,34,BEAUTY,3,25,75,2023,1,1,Saturday,January,TRUE,75,15,45,30,0.4,26-35
714,2/12/2023,CUST714,FEMALE,18,CLOTHING,1,500,500,2023,2,1,Sunday,February,TRUE,500,300,300,200,0.4,18-25
715,11/26/2023,CUST715,FEMALE,42,BEAUTY,4,25,100,2023,11,4,Sunday,November,TRUE,100,15,60,40,0.4,36-45
716,8/8/2023,CUST716,FEMALE,60,CLOTHING,4,300,1200,2023,8,3,Tuesday,August,FALSE,1200,180,720,480,0.4,56+
717,3/11/2023,CUST717,MALE,57,CLOTHING,1,500,500,2023,3,1,Saturday,March,TRUE,500,300,300,200,0.4,56+
718,8/25/2023,CUST718,FEMALE,59,BEAUTY,3,25,75,2023,8,3,Friday,August,FALSE,75,15,45,30,0.4,56+
719,4/4/2023,CUST719,FEMALE,42,CLOTHING,2,30,60,2023,4,2,Tuesday,April,FALSE,60,18,36,24,0.4,36-45
720,1/26/2023,CUST720,FEMALE,56,BEAUTY,3,500,1500,2023,1,1,Thursday,January,FALSE,1500,300,900,600,0.4,56+
721,5/14/2023,CUST721,FEMALE,52,CLOTHING,1,500,500,2023,5,2,Sunday,May,TRUE,500,300,300,200,0.4,46-55
722,7/14/2023,CUST722,MALE,20,BEAUTY,3,300,900,2023,7,3,Friday,July,FALSE,900,180,540,360,0.4,18-25
723,6/17/2023,CUST723,FEMALE,54,BEAUTY,4,50,200,2023,6,2,Saturday,June,TRUE,200,30,120,80,0.4,46-55
724,4/19/2023,CUST724,MALE,61,CLOTHING,3,50,150,2023,4,2,Wednesday,April,FALSE,150,30,90,60,0.4,56+
725,8/21/2023,CUST725,MALE,61,ELECTRONICS,1,300,300,2023,8,3,Monday,August,FALSE,300,180,180,120,0.4,56+
726,6/17/2023,CUST726,MALE,47,CLOTHING,4,300,1200,2023,6,2,Saturday,June,TRUE,1200,180,720,480,0.4,46-55
727,6/22/2023,CUST727,MALE,55,BEAUTY,3,300,900,2023,6,2,Thursday,June,FALSE,900,180,540,360,0.4,56+
728,7/14/2023,CUST728,MALE,51,ELECTRONICS,3,50,150,2023,7,3,Friday,July,FALSE,150,30,90,60,0.4,46-55
729,5/23/2023,CUST729,MALE,29,CLOTHING,4,300,1200,2023,5,2,Tuesday,May,FALSE,1200,180,720,480,0.4,26-35
730,8/4/2023,CUST730,FEMALE,36,CLOTHING,2,25,50,2023,8,3,Friday,August,FALSE,50,15,30,20,0.4,36-45
731,5/10/2023,CUST731,MALE,54,CLOTHING,4,500,2000,2023,5,2,Wednesday,May,FALSE,2000,300,1200,800,0.4,46-55
732,2/11/2023,CUST732,MALE,61,ELECTRONICS,2,500,1000,2023,2,1,Saturday,February,TRUE,1000,300,600,400,0.4,56+
733,8/29/2023,CUST733,MALE,34,BEAUTY,1,30,30,2023,8,3,Tuesday,August,FALSE,30,18,18,12,0.4,26-35
734,1/10/2023,CUST734,FEMALE,27,CLOTHING,1,30,30,2023,1,1,Tuesday,January,FALSE,30,18,18,12,0.4,26-35
735,10/4/2023,CUST735,FEMALE,64,CLOTHING,4,500,2000,2023,10,4,Wednesday,October,FALSE,2000,300,1200,800,0.4,56+
736,1/27/2023,CUST736,MALE,29,CLOTHING,4,25,100,2023,1,1,Friday,January,FALSE,100,15,60,40,0.4,26-35
737,6/29/2023,CUST737,FEMALE,33,CLOTHING,1,50,50,2023,6,2,Thursday,June,FALSE,50,30,30,20,0.4,26-35
738,4/25/2023,CUST738,MALE,41,CLOTHING,2,50,100,2023,4,2,Tuesday,April,FALSE,100,30,60,40,0.4,36-45
739,11/29/2023,CUST739,MALE,36,BEAUTY,1,25,25,2023,11,4,Wednesday,November,FALSE,25,15,15,10,0.4,36-45
740,2/5/2023,CUST740,FEMALE,25,BEAUTY,4,50,200,2023,2,1,Sunday,February,TRUE,200,30,120,80,0.4,26-35
741,11/30/2023,CUST741,MALE,48,CLOTHING,1,300,300,2023,11,4,Thursday,November,FALSE,300,180,180,120,0.4,46-55
742,1/21/2023,CUST742,FEMALE,38,ELECTRONICS,4,500,2000,2023,1,1,Saturday,January,TRUE,2000,300,1200,800,0.4,36-45
743,1/16/2023,CUST743,FEMALE,34,BEAUTY,4,500,2000,2023,1,1,Monday,January,FALSE,2000,300,1200,800,0.4,26-35
744,5/7/2023,CUST744,MALE,40,ELECTRONICS,1,25,25,2023,5,2,Sunday,May,TRUE,25,15,15,10,0.4,36-45
745,4/13/2023,CUST745,MALE,54,BEAUTY,2,50,100,2023,4,2,Thursday,April,FALSE,100,30,60,40,0.4,46-55
746,1/11/2023,CUST746,FEMALE,33,CLOTHING,3,30,90,2023,1,1,Wednesday,January,FALSE,90,18,54,36,0.4,26-35
747,11/15/2023,CUST747,MALE,23,BEAUTY,1,30,30,2023,11,4,Wednesday,November,FALSE,30,18,18,12,0.4,18-25
748,3/20/2023,CUST748,MALE,25,CLOTHING,3,50,150,2023,3,1,Monday,March,FALSE,150,30,90,60,0.4,26-35
749,5/3/2023,CUST749,MALE,42,BEAUTY,1,30,30,2023,5,2,Wednesday,May,FALSE,30,18,18,12,0.4,36-45
750,3/6/2023,CUST750,FEMALE,35,CLOTHING,3,25,75,2023,3,1,Monday,March,FALSE,75,15,45,30,0.4,36-45
751,8/31/2023,CUST751,FEMALE,42,CLOTHING,2,25,50,2023,8,3,Thursday,August,FALSE,50,15,30,20,0.4,36-45
752,12/9/2023,CUST752,MALE,29,CLOTHING,2,50,100,2023,12,4,Saturday,December,TRUE,100,30,60,40,0.4,26-35
753,2/28/2023,CUST753,FEMALE,32,CLOTHING,1,30,30,2023,2,1,Tuesday,February,FALSE,30,18,18,12,0.4,26-35
754,10/16/2023,CUST754,FEMALE,43,ELECTRONICS,4,25,100,2023,10,4,Monday,October,FALSE,100,15,60,40,0.4,36-45
755,4/22/2023,CUST755,FEMALE,58,CLOTHING,3,25,75,2023,4,2,Saturday,April,TRUE,75,15,45,30,0.4,56+
756,8/27/2023,CUST756,FEMALE,62,ELECTRONICS,4,300,1200,2023,8,3,Sunday,August,TRUE,1200,180,720,480,0.4,56+
757,12/25/2023,CUST757,FEMALE,43,ELECTRONICS,4,300,1200,2023,12,4,Monday,December,FALSE,1200,180,720,480,0.4,36-45
758,5/12/2023,CUST758,MALE,64,CLOTHING,4,25,100,2023,5,2,Friday,May,FALSE,100,15,60,40,0.4,56+
759,7/8/2023,CUST759,MALE,49,ELECTRONICS,2,50,100,2023,7,3,Saturday,July,TRUE,100,30,60,40,0.4,46-55
760,3/27/2023,CUST760,MALE,27,BEAUTY,1,500,500,2023,3,1,Monday,March,FALSE,500,300,300,200,0.4,26-35
761,11/7/2023,CUST761,FEMALE,33,CLOTHING,1,500,500,2023,11,4,Tuesday,November,FALSE,500,300,300,200,0.4,26-35
762,11/7/2023,CUST762,FEMALE,24,ELECTRONICS,2,25,50,2023,11,4,Tuesday,November,FALSE,50,15,30,20,0.4,18-25
763,2/28/2023,CUST763,MALE,34,CLOTHING,2,25,50,2023,2,1,Tuesday,February,FALSE,50,15,30,20,0.4,26-35
764,3/25/2023,CUST764,FEMALE,40,CLOTHING,1,25,25,2023,3,1,Saturday,March,TRUE,25,15,15,10,0.4,36-45
765,6/9/2023,CUST765,MALE,43,CLOTHING,4,50,200,2023,6,2,Friday,June,FALSE,200,30,120,80,0.4,36-45
766,2/25/2023,CUST766,MALE,38,ELECTRONICS,3,300,900,2023,2,1,Saturday,February,TRUE,900,180,540,360,0.4,36-45
767,10/24/2023,CUST767,MALE,39,BEAUTY,3,25,75,2023,10,4,Tuesday,October,FALSE,75,15,45,30,0.4,36-45
768,1/14/2023,CUST768,FEMALE,24,BEAUTY,3,25,75,2023,1,1,Saturday,January,TRUE,75,15,45,30,0.4,18-25
769,6/9/2023,CUST769,FEMALE,31,ELECTRONICS,4,30,120,2023,6,2,Friday,June,FALSE,120,18,72,48,0.4,26-35
770,10/22/2023,CUST770,MALE,32,CLOTHING,1,50,50,2023,10,4,Sunday,October,TRUE,50,30,30,20,0.4,26-35
771,12/13/2023,CUST771,MALE,24,ELECTRONICS,2,25,50,2023,12,4,Wednesday,December,FALSE,50,15,30,20,0.4,18-25
772,7/12/2023,CUST772,MALE,26,ELECTRONICS,1,30,30,2023,7,3,Wednesday,July,FALSE,30,18,18,12,0.4,26-35
773,7/23/2023,CUST773,MALE,25,ELECTRONICS,4,500,2000,2023,7,3,Sunday,July,TRUE,2000,300,1200,800,0.4,26-35
774,4/12/2023,CUST774,FEMALE,40,CLOTHING,2,25,50,2023,4,2,Wednesday,April,FALSE,50,15,30,20,0.4,36-45
775,2/8/2023,CUST775,FEMALE,46,ELECTRONICS,4,25,100,2023,2,1,Wednesday,February,FALSE,100,15,60,40,0.4,46-55
776,10/31/2023,CUST776,MALE,35,CLOTHING,3,30,90,2023,10,4,Tuesday,October,FALSE,90,18,54,36,0.4,36-45
777,12/20/2023,CUST777,MALE,48,ELECTRONICS,3,50,150,2023,12,4,Wednesday,December,FALSE,150,30,90,60,0.4,46-55
778,11/18/2023,CUST778,FEMALE,47,BEAUTY,4,25,100,2023,11,4,Saturday,November,TRUE,100,15,60,40,0.4,46-55
779,5/5/2023,CUST779,FEMALE,56,ELECTRONICS,2,500,1000,2023,5,2,Friday,May,FALSE,1000,300,600,400,0.4,56+
780,2/22/2023,CUST780,MALE,52,ELECTRONICS,2,25,50,2023,2,1,Wednesday,February,FALSE,50,15,30,20,0.4,46-55
781,12/23/2023,CUST781,MALE,35,BEAUTY,1,500,500,2023,12,4,Saturday,December,TRUE,500,300,300,200,0.4,36-45
782,6/4/2023,CUST782,MALE,59,CLOTHING,3,300,900,2023,6,2,Sunday,June,TRUE,900,180,540,360,0.4,56+
783,12/17/2023,CUST783,FEMALE,56,CLOTHING,1,300,300,2023,12,4,Sunday,December,TRUE,300,180,180,120,0.4,56+
784,11/4/2023,CUST784,FEMALE,34,ELECTRONICS,1,500,500,2023,11,4,Saturday,November,TRUE,500,300,300,200,0.4,26-35
785,3/3/2023,CUST785,FEMALE,31,BEAUTY,4,50,200,2023,3,1,Friday,March,FALSE,200,30,120,80,0.4,26-35
786,10/17/2023,CUST786,MALE,48,CLOTHING,4,25,100,2023,10,4,Tuesday,October,FALSE,100,15,60,40,0.4,46-55
787,1/22/2023,CUST787,MALE,41,ELECTRONICS,1,25,25,2023,1,1,Sunday,January,TRUE,25,15,15,10,0.4,36-45
788,6/27/2023,CUST788,FEMALE,52,BEAUTY,3,300,900,2023,6,2,Tuesday,June,FALSE,900,180,540,360,0.4,46-55
789,9/30/2023,CUST789,FEMALE,61,CLOTHING,4,500,2000,2023,9,3,Saturday,September,TRUE,2000,300,1200,800,0.4,56+
790,8/8/2023,CUST790,MALE,62,CLOTHING,1,25,25,2023,8,3,Tuesday,August,FALSE,25,15,15,10,0.4,56+
791,12/5/2023,CUST791,FEMALE,51,BEAUTY,1,25,25,2023,12,4,Tuesday,December,FALSE,25,15,15,10,0.4,46-55
792,7/9/2023,CUST792,FEMALE,20,BEAUTY,1,50,50,2023,7,3,Sunday,July,TRUE,50,30,30,20,0.4,18-25
793,2/5/2023,CUST793,MALE,54,BEAUTY,1,30,30,2023,2,1,Sunday,February,TRUE,30,18,18,12,0.4,46-55
794,9/17/2023,CUST794,FEMALE,60,BEAUTY,1,300,300,2023,9,3,Sunday,September,TRUE,300,180,180,120,0.4,56+
795,11/28/2023,CUST795,MALE,57,ELECTRONICS,1,300,300,2023,11,4,Tuesday,November,FALSE,300,180,180,120,0.4,56+
796,6/24/2023,CUST796,MALE,43,BEAUTY,4,30,120,2023,6,2,Saturday,June,TRUE,120,18,72,48,0.4,36-45
797,1/7/2023,CUST797,MALE,40,CLOTHING,3,25,75,2023,1,1,Saturday,January,TRUE,75,15,45,30,0.4,36-45
798,8/4/2023,CUST798,MALE,61,CLOTHING,1,50,50,2023,8,3,Friday,August,FALSE,50,30,30,20,0.4,56+
799,9/8/2023,CUST799,MALE,56,ELECTRONICS,2,50,100,2023,9,3,Friday,September,FALSE,100,30,60,40,0.4,56+
800,2/24/2023,CUST800,MALE,32,CLOTHING,4,300,1200,2023,2,1,Friday,February,FALSE,1200,180,720,480,0.4,26-35
801,8/10/2023,CUST801,MALE,21,CLOTHING,4,50,200,2023,8,3,Thursday,August,FALSE,200,30,120,80,0.4,18-25
802,7/5/2023,CUST802,FEMALE,46,BEAUTY,1,30,30,2023,7,3,Wednesday,July,FALSE,30,18,18,12,0.4,46-55
803,11/22/2023,CUST803,MALE,39,CLOTHING,4,25,100,2023,11,4,Wednesday,November,FALSE,100,15,60,40,0.4,36-45
804,8/24/2023,CUST804,MALE,42,ELECTRONICS,1,30,30,2023,8,3,Thursday,August,FALSE,30,18,18,12,0.4,36-45
805,12/29/2023,CUST805,FEMALE,30,BEAUTY,3,500,1500,2023,12,4,Friday,December,FALSE,1500,300,900,600,0.4,26-35
806,3/20/2023,CUST806,FEMALE,35,BEAUTY,3,300,900,2023,3,1,Monday,March,FALSE,900,180,540,360,0.4,36-45
807,8/11/2023,CUST807,FEMALE,50,ELECTRONICS,4,50,200,2023,8,3,Friday,August,FALSE,200,30,120,80,0.4,46-55
808,4/1/2023,CUST808,MALE,33,BEAUTY,4,500,2000,2023,4,2,Saturday,April,TRUE,2000,300,1200,800,0.4,26-35
809,9/25/2023,CUST809,FEMALE,62,BEAUTY,2,50,100,2023,9,3,Monday,September,FALSE,100,30,60,40,0.4,56+
810,11/30/2023,CUST810,MALE,59,ELECTRONICS,4,25,100,2023,11,4,Thursday,November,FALSE,100,15,60,40,0.4,56+
811,5/19/2023,CUST811,MALE,61,BEAUTY,2,25,50,2023,5,2,Friday,May,FALSE,50,15,30,20,0.4,56+
812,11/12/2023,CUST812,MALE,19,ELECTRONICS,3,25,75,2023,11,4,Sunday,November,TRUE,75,15,45,30,0.4,18-25
813,10/3/2023,CUST813,MALE,52,ELECTRONICS,3,50,150,2023,10,4,Tuesday,October,FALSE,150,30,90,60,0.4,46-55
814,9/5/2023,CUST814,FEMALE,59,CLOTHING,1,500,500,2023,9,3,Tuesday,September,FALSE,500,300,300,200,0.4,56+
815,8/27/2023,CUST815,FEMALE,51,CLOTHING,3,25,75,2023,8,3,Sunday,August,TRUE,75,15,45,30,0.4,46-55
816,8/12/2023,CUST816,MALE,47,BEAUTY,2,500,1000,2023,8,3,Saturday,August,TRUE,1000,300,600,400,0.4,46-55
817,10/31/2023,CUST817,MALE,30,BEAUTY,4,50,200,2023,10,4,Tuesday,October,FALSE,200,30,120,80,0.4,26-35
818,5/18/2023,CUST818,MALE,30,ELECTRONICS,1,500,500,2023,5,2,Thursday,May,FALSE,500,300,300,200,0.4,26-35
819,6/15/2023,CUST819,FEMALE,35,BEAUTY,2,50,100,2023,6,2,Thursday,June,FALSE,100,30,60,40,0.4,36-45
820,5/6/2023,CUST820,MALE,49,ELECTRONICS,4,50,200,2023,5,2,Saturday,May,TRUE,200,30,120,80,0.4,46-55
821,2/14/2023,CUST821,MALE,49,ELECTRONICS,1,300,300,2023,2,1,Tuesday,February,FALSE,300,180,180,120,0.4,46-55
822,5/23/2023,CUST822,FEMALE,52,BEAUTY,3,50,150,2023,5,2,Tuesday,May,FALSE,150,30,90,60,0.4,46-55
823,8/19/2023,CUST823,FEMALE,56,ELECTRONICS,2,50,100,2023,8,3,Saturday,August,TRUE,100,30,60,40,0.4,56+
824,5/5/2023,CUST824,MALE,63,CLOTHING,4,30,120,2023,5,2,Friday,May,FALSE,120,18,72,48,0.4,56+
825,8/26/2023,CUST825,FEMALE,46,BEAUTY,1,25,25,2023,8,3,Saturday,August,TRUE,25,15,15,10,0.4,46-55
826,10/19/2023,CUST826,FEMALE,46,CLOTHING,1,300,300,2023,10,4,Thursday,October,FALSE,300,180,180,120,0.4,46-55
827,11/9/2023,CUST827,MALE,61,BEAUTY,3,300,900,2023,11,4,Thursday,November,FALSE,900,180,540,360,0.4,56+
828,12/9/2023,CUST828,FEMALE,33,ELECTRONICS,4,300,1200,2023,12,4,Saturday,December,TRUE,1200,180,720,480,0.4,26-35
829,7/14/2023,CUST829,MALE,61,BEAUTY,3,30,90,2023,7,3,Friday,July,FALSE,90,18,54,36,0.4,56+
830,6/22/2023,CUST830,FEMALE,64,CLOTHING,3,50,150,2023,6,2,Thursday,June,FALSE,150,30,90,60,0.4,56+
831,1/15/2023,CUST831,MALE,27,ELECTRONICS,4,25,100,2023,1,1,Sunday,January,TRUE,100,15,60,40,0.4,26-35
832,9/11/2023,CUST832,MALE,47,BEAUTY,4,500,2000,2023,9,3,Monday,September,FALSE,2000,300,1200,800,0.4,46-55
833,6/16/2023,CUST833,MALE,42,BEAUTY,4,50,200,2023,6,2,Friday,June,FALSE,200,30,120,80,0.4,36-45
834,4/4/2023,CUST834,FEMALE,56,BEAUTY,2,30,60,2023,4,2,Tuesday,April,FALSE,60,18,36,24,0.4,56+
835,9/7/2023,CUST835,MALE,37,CLOTHING,4,50,200,2023,9,3,Thursday,September,FALSE,200,30,120,80,0.4,36-45
836,4/19/2023,CUST836,FEMALE,22,CLOTHING,1,50,50,2023,4,2,Wednesday,April,FALSE,50,30,30,20,0.4,18-25
837,7/1/2023,CUST837,MALE,18,BEAUTY,3,30,90,2023,7,3,Saturday,July,TRUE,90,18,54,36,0.4,18-25
838,5/13/2023,CUST838,MALE,47,ELECTRONICS,2,300,600,2023,5,2,Saturday,May,TRUE,600,180,360,240,0.4,46-55
839,6/24/2023,CUST839,FEMALE,20,ELECTRONICS,4,300,1200,2023,6,2,Saturday,June,TRUE,1200,180,720,480,0.4,18-25
840,5/24/2023,CUST840,MALE,62,CLOTHING,2,25,50,2023,5,2,Wednesday,May,FALSE,50,15,30,20,0.4,56+
841,11/2/2023,CUST841,MALE,31,ELECTRONICS,4,25,100,2023,11,4,Thursday,November,FALSE,100,15,60,40,0.4,26-35
842,12/26/2023,CUST842,FEMALE,47,CLOTHING,2,300,600,2023,12,4,Tuesday,December,FALSE,600,180,360,240,0.4,46-55
843,5/22/2023,CUST843,MALE,21,BEAUTY,3,500,1500,2023,5,2,Monday,May,FALSE,1500,300,900,600,0.4,18-25
844,10/12/2023,CUST844,MALE,35,CLOTHING,3,50,150,2023,10,4,Thursday,October,FALSE,150,30,90,60,0.4,36-45
845,1/6/2023,CUST845,MALE,54,CLOTHING,1,500,500,2023,1,1,Friday,January,FALSE,500,300,300,200,0.4,46-55
846,9/22/2023,CUST846,MALE,42,BEAUTY,1,50,50,2023,9,3,Friday,September,FALSE,50,30,30,20,0.4,36-45
847,4/8/2023,CUST847,FEMALE,18,ELECTRONICS,4,300,1200,2023,4,2,Saturday,April,TRUE,1200,180,720,480,0.4,18-25
848,2/13/2023,CUST848,FEMALE,63,CLOTHING,3,25,75,2023,2,1,Monday,February,FALSE,75,15,45,30,0.4,56+
849,5/4/2023,CUST849,MALE,32,CLOTHING,2,25,50,2023,5,2,Thursday,May,FALSE,50,15,30,20,0.4,26-35
850,7/28/2023,CUST850,FEMALE,26,BEAUTY,2,500,1000,2023,7,3,Friday,July,FALSE,1000,300,600,400,0.4,26-35
851,9/8/2023,CUST851,MALE,32,ELECTRONICS,2,25,50,2023,9,3,Friday,September,FALSE,50,15,30,20,0.4,26-35
852,10/12/2023,CUST852,FEMALE,41,CLOTHING,1,300,300,2023,10,4,Thursday,October,FALSE,300,180,180,120,0.4,36-45
853,5/4/2023,CUST853,MALE,21,BEAUTY,2,500,1000,2023,5,2,Thursday,May,FALSE,1000,300,600,400,0.4,18-25
854,12/20/2023,CUST854,MALE,29,CLOTHING,1,50,50,2023,12,4,Wednesday,December,FALSE,50,30,30,20,0.4,26-35
855,9/1/2023,CUST855,MALE,54,BEAUTY,1,25,25,2023,9,3,Friday,September,FALSE,25,15,15,10,0.4,46-55
856,11/27/2023,CUST856,MALE,54,ELECTRONICS,4,30,120,2023,11,4,Monday,November,FALSE,120,18,72,48,0.4,46-55
857,12/31/2023,CUST857,MALE,60,ELECTRONICS,2,25,50,2023,12,4,Sunday,December,TRUE,50,15,30,20,0.4,56+
858,9/9/2023,CUST858,MALE,23,ELECTRONICS,2,50,100,2023,9,3,Saturday,September,TRUE,100,30,60,40,0.4,18-25
859,8/18/2023,CUST859,FEMALE,56,ELECTRONICS,3,500,1500,2023,8,3,Friday,August,FALSE,1500,300,900,600,0.4,56+
860,1/9/2023,CUST860,MALE,63,CLOTHING,4,50,200,2023,1,1,Monday,January,FALSE,200,30,120,80,0.4,56+
861,2/17/2023,CUST861,FEMALE,41,CLOTHING,3,30,90,2023,2,1,Friday,February,FALSE,90,18,54,36,0.4,36-45
862,5/31/2023,CUST862,MALE,28,ELECTRONICS,4,300,1200,2023,5,2,Wednesday,May,FALSE,1200,180,720,480,0.4,26-35
863,4/24/2023,CUST863,FEMALE,30,ELECTRONICS,2,25,50,2023,4,2,Monday,April,FALSE,50,15,30,20,0.4,26-35
864,7/27/2023,CUST864,FEMALE,51,ELECTRONICS,1,500,500,2023,7,3,Thursday,July,FALSE,500,300,300,200,0.4,46-55
865,12/21/2023,CUST865,FEMALE,42,CLOTHING,1,300,300,2023,12,4,Thursday,December,FALSE,300,180,180,120,0.4,36-45
866,5/5/2023,CUST866,MALE,24,ELECTRONICS,1,50,50,2023,5,2,Friday,May,FALSE,50,30,30,20,0.4,18-25
867,6/6/2023,CUST867,MALE,21,ELECTRONICS,1,500,500,2023,6,2,Tuesday,June,FALSE,500,300,300,200,0.4,18-25
868,12/6/2023,CUST868,FEMALE,25,ELECTRONICS,1,300,300,2023,12,4,Wednesday,December,FALSE,300,180,180,120,0.4,26-35
869,10/25/2023,CUST869,MALE,37,BEAUTY,3,500,1500,2023,10,4,Wednesday,October,FALSE,1500,300,900,600,0.4,36-45
870,7/8/2023,CUST870,FEMALE,46,ELECTRONICS,4,30,120,2023,7,3,Saturday,July,TRUE,120,18,72,48,0.4,46-55
871,8/31/2023,CUST871,MALE,62,BEAUTY,2,30,60,2023,8,3,Thursday,August,FALSE,60,18,36,24,0.4,56+
872,10/11/2023,CUST872,FEMALE,63,BEAUTY,3,25,75,2023,10,4,Wednesday,October,FALSE,75,15,45,30,0.4,56+
873,9/29/2023,CUST873,FEMALE,27,ELECTRONICS,4,25,100,2023,9,3,Friday,September,FALSE,100,15,60,40,0.4,26-35
874,6/26/2023,CUST874,MALE,60,BEAUTY,1,30,30,2023,6,2,Monday,June,FALSE,30,18,18,12,0.4,56+
875,8/6/2023,CUST875,FEMALE,51,ELECTRONICS,4,500,2000,2023,8,3,Sunday,August,TRUE,2000,300,1200,800,0.4,46-55
876,10/9/2023,CUST876,MALE,43,CLOTHING,4,30,120,2023,10,4,Monday,October,FALSE,120,18,72,48,0.4,36-45
877,6/19/2023,CUST877,FEMALE,58,CLOTHING,1,25,25,2023,6,2,Monday,June,FALSE,25,15,15,10,0.4,56+
878,6/30/2023,CUST878,FEMALE,20,CLOTHING,1,30,30,2023,6,2,Friday,June,FALSE,30,18,18,12,0.4,18-25
879,12/26/2023,CUST879,MALE,23,CLOTHING,1,30,30,2023,12,4,Tuesday,December,FALSE,30,18,18,12,0.4,18-25
880,8/21/2023,CUST880,MALE,22,BEAUTY,2,500,1000,2023,8,3,Monday,August,FALSE,1000,300,600,400,0.4,18-25
881,5/19/2023,CUST881,MALE,22,ELECTRONICS,1,300,300,2023,5,2,Friday,May,FALSE,300,180,180,120,0.4,18-25
882,6/6/2023,CUST882,FEMALE,64,ELECTRONICS,2,25,50,2023,6,2,Tuesday,June,FALSE,50,15,30,20,0.4,56+
883,5/9/2023,CUST883,MALE,40,ELECTRONICS,1,500,500,2023,5,2,Tuesday,May,FALSE,500,300,300,200,0.4,36-45
884,4/29/2023,CUST884,FEMALE,26,CLOTHING,2,30,60,2023,4,2,Saturday,April,TRUE,60,18,36,24,0.4,26-35
885,3/3/2023,CUST885,FEMALE,52,CLOTHING,4,30,120,2023,3,1,Friday,March,FALSE,120,18,72,48,0.4,46-55
886,4/9/2023,CUST886,MALE,37,ELECTRONICS,3,300,900,2023,4,2,Sunday,April,TRUE,900,180,540,360,0.4,36-45
887,6/11/2023,CUST887,MALE,59,CLOTHING,4,25,100,2023,6,2,Sunday,June,TRUE,100,15,60,40,0.4,56+
888,3/3/2023,CUST888,FEMALE,52,ELECTRONICS,4,25,100,2023,3,1,Friday,March,FALSE,100,15,60,40,0.4,46-55
889,10/2/2023,CUST889,FEMALE,35,ELECTRONICS,1,50,50,2023,10,4,Monday,October,FALSE,50,30,30,20,0.4,36-45
890,12/20/2023,CUST890,MALE,34,ELECTRONICS,2,25,50,2023,12,4,Wednesday,December,FALSE,50,15,30,20,0.4,26-35
891,4/5/2023,CUST891,MALE,41,ELECTRONICS,3,300,900,2023,4,2,Wednesday,April,FALSE,900,180,540,360,0.4,36-45
892,4/9/2023,CUST892,MALE,20,ELECTRONICS,1,50,50,2023,4,2,Sunday,April,TRUE,50,30,30,20,0.4,18-25
893,4/21/2023,CUST893,MALE,49,ELECTRONICS,1,50,50,2023,4,2,Friday,April,FALSE,50,30,30,20,0.4,46-55
894,9/5/2023,CUST894,MALE,52,ELECTRONICS,1,30,30,2023,9,3,Tuesday,September,FALSE,30,18,18,12,0.4,46-55
895,5/22/2023,CUST895,FEMALE,55,CLOTHING,4,30,120,2023,5,2,Monday,May,FALSE,120,18,72,48,0.4,56+
896,10/29/2023,CUST896,FEMALE,30,ELECTRONICS,2,25,50,2023,10,4,Sunday,October,TRUE,50,15,30,20,0.4,26-35
897,9/26/2023,CUST897,FEMALE,64,ELECTRONICS,2,50,100,2023,9,3,Tuesday,September,FALSE,100,30,60,40,0.4,56+
898,11/2/2023,CUST898,FEMALE,42,CLOTHING,3,30,90,2023,11,4,Thursday,November,FALSE,90,18,54,36,0.4,36-45
899,5/25/2023,CUST899,MALE,26,CLOTHING,2,300,600,2023,5,2,Thursday,May,FALSE,600,180,360,240,0.4,26-35
900,2/21/2023,CUST900,MALE,21,CLOTHING,2,30,60,2023,2,1,Tuesday,February,FALSE,60,18,36,24,0.4,18-25
901,4/10/2023,CUST901,MALE,31,ELECTRONICS,1,30,30,2023,4,2,Monday,April,FALSE,30,18,18,12,0.4,26-35
902,6/1/2023,CUST902,FEMALE,54,BEAUTY,1,50,50,2023,6,2,Thursday,June,FALSE,50,30,30,20,0.4,46-55
903,4/27/2023,CUST903,FEMALE,51,BEAUTY,4,50,200,2023,4,2,Thursday,April,FALSE,200,30,120,80,0.4,46-55
904,7/4/2023,CUST904,MALE,28,CLOTHING,1,500,500,2023,7,3,Tuesday,July,FALSE,500,300,300,200,0.4,26-35
905,4/2/2023,CUST905,MALE,58,BEAUTY,1,300,300,2023,4,2,Sunday,April,TRUE,300,180,180,120,0.4,56+
906,6/4/2023,CUST906,FEMALE,20,CLOTHING,1,50,50,2023,6,2,Sunday,June,TRUE,50,30,30,20,0.4,18-25
907,1/8/2023,CUST907,FEMALE,45,ELECTRONICS,1,25,25,2023,1,1,Sunday,January,TRUE,25,15,15,10,0.4,46-55
908,12/29/2023,CUST908,MALE,46,BEAUTY,4,300,1200,2023,12,4,Friday,December,FALSE,1200,180,720,480,0.4,46-55
909,10/1/2023,CUST909,MALE,26,ELECTRONICS,1,300,300,2023,10,4,Sunday,October,TRUE,300,180,180,120,0.4,26-35
910,3/6/2023,CUST910,FEMALE,20,BEAUTY,3,50,150,2023,3,1,Monday,March,FALSE,150,30,90,60,0.4,18-25
911,5/21/2023,CUST911,MALE,42,ELECTRONICS,3,300,900,2023,5,2,Sunday,May,TRUE,900,180,540,360,0.4,36-45
912,1/24/2023,CUST912,MALE,51,BEAUTY,3,50,150,2023,1,1,Tuesday,January,FALSE,150,30,90,60,0.4,46-55
913,1/28/2023,CUST913,MALE,29,ELECTRONICS,3,30,90,2023,1,1,Saturday,January,TRUE,90,18,54,36,0.4,26-35
914,10/11/2023,CUST914,FEMALE,59,ELECTRONICS,1,500,500,2023,10,4,Wednesday,October,FALSE,500,300,300,200,0.4,56+
915,5/30/2023,CUST915,FEMALE,26,BEAUTY,3,30,90,2023,5,2,Tuesday,May,FALSE,90,18,54,36,0.4,26-35
916,12/24/2023,CUST916,FEMALE,32,ELECTRONICS,1,50,50,2023,12,4,Sunday,December,TRUE,50,30,30,20,0.4,26-35
917,3/6/2023,CUST917,FEMALE,57,ELECTRONICS,4,50,200,2023,3,1,Monday,March,FALSE,200,30,120,80,0.4,56+
918,11/23/2023,CUST918,FEMALE,42,ELECTRONICS,3,30,90,2023,11,4,Thursday,November,FALSE,90,18,54,36,0.4,36-45
919,9/9/2023,CUST919,FEMALE,22,BEAUTY,2,25,50,2023,9,3,Saturday,September,TRUE,50,15,30,20,0.4,18-25
920,2/22/2023,CUST920,FEMALE,28,BEAUTY,3,25,75,2023,2,1,Wednesday,February,FALSE,75,15,45,30,0.4,26-35
921,1/7/2023,CUST921,MALE,51,ELECTRONICS,3,25,75,2023,1,1,Saturday,January,TRUE,75,15,45,30,0.4,46-55
922,10/21/2023,CUST922,MALE,41,ELECTRONICS,1,50,50,2023,10,4,Saturday,October,TRUE,50,30,30,20,0.4,36-45
923,5/26/2023,CUST923,MALE,32,BEAUTY,3,300,900,2023,5,2,Friday,May,FALSE,900,180,540,360,0.4,26-35
924,8/29/2023,CUST924,MALE,55,BEAUTY,2,50,100,2023,8,3,Tuesday,August,FALSE,100,30,60,40,0.4,56+
925,9/3/2023,CUST925,MALE,25,ELECTRONICS,1,300,300,2023,9,3,Sunday,September,TRUE,300,180,180,120,0.4,26-35
926,8/14/2023,CUST926,MALE,22,ELECTRONICS,1,30,30,2023,8,3,Monday,August,FALSE,30,18,18,12,0.4,18-25
927,6/24/2023,CUST927,MALE,43,ELECTRONICS,4,500,2000,2023,6,2,Saturday,June,TRUE,2000,300,1200,800,0.4,36-45
928,4/5/2023,CUST928,FEMALE,35,CLOTHING,4,300,1200,2023,4,2,Wednesday,April,FALSE,1200,180,720,480,0.4,36-45
929,1/27/2023,CUST929,FEMALE,23,BEAUTY,3,25,75,2023,1,1,Friday,January,FALSE,75,15,45,30,0.4,18-25
930,5/10/2023,CUST930,MALE,54,CLOTHING,4,50,200,2023,5,2,Wednesday,May,FALSE,200,30,120,80,0.4,46-55
931,9/2/2023,CUST931,MALE,30,BEAUTY,4,30,120,2023,9,3,Saturday,September,TRUE,120,18,72,48,0.4,26-35
932,2/28/2023,CUST932,FEMALE,45,BEAUTY,4,25,100,2023,2,1,Tuesday,February,FALSE,100,15,60,40,0.4,46-55
933,2/3/2023,CUST933,MALE,22,BEAUTY,1,30,30,2023,2,1,Friday,February,FALSE,30,18,18,12,0.4,18-25
934,7/25/2023,CUST934,MALE,30,BEAUTY,1,500,500,2023,7,3,Tuesday,July,FALSE,500,300,300,200,0.4,26-35
935,9/9/2023,CUST935,FEMALE,34,BEAUTY,1,50,50,2023,9,3,Saturday,September,TRUE,50,30,30,20,0.4,26-35
936,2/7/2023,CUST936,MALE,57,BEAUTY,4,50,200,2023,2,1,Tuesday,February,FALSE,200,30,120,80,0.4,56+
937,10/23/2023,CUST937,FEMALE,62,BEAUTY,1,500,500,2023,10,4,Monday,October,FALSE,500,300,300,200,0.4,56+
938,11/19/2023,CUST938,MALE,49,CLOTHING,4,50,200,2023,11,4,Sunday,November,TRUE,200,30,120,80,0.4,46-55
939,12/18/2023,CUST939,FEMALE,46,ELECTRONICS,1,300,300,2023,12,4,Monday,December,FALSE,300,180,180,120,0.4,46-55
940,1/28/2023,CUST940,FEMALE,20,ELECTRONICS,1,30,30,2023,1,1,Saturday,January,TRUE,30,18,18,12,0.4,18-25
941,3/19/2023,CUST941,FEMALE,57,CLOTHING,2,25,50,2023,3,1,Sunday,March,TRUE,50,15,30,20,0.4,56+
942,3/18/2023,CUST942,MALE,51,CLOTHING,3,500,1500,2023,3,1,Saturday,March,TRUE,1500,300,900,600,0.4,46-55
943,10/16/2023,CUST943,FEMALE,57,CLOTHING,4,300,1200,2023,10,4,Monday,October,FALSE,1200,180,720,480,0.4,56+
944,6/5/2023,CUST944,MALE,44,CLOTHING,2,25,50,2023,6,2,Monday,June,FALSE,50,15,30,20,0.4,36-45
945,2/13/2023,CUST945,MALE,30,BEAUTY,1,25,25,2023,2,1,Monday,February,FALSE,25,15,15,10,0.4,26-35
946,5/8/2023,CUST946,MALE,62,ELECTRONICS,4,500,2000,2023,5,2,Monday,May,FALSE,2000,300,1200,800,0.4,56+
947,3/2/2023,CUST947,MALE,50,BEAUTY,1,300,300,2023,3,1,Thursday,March,FALSE,300,180,180,120,0.4,46-55
948,10/13/2023,CUST948,FEMALE,23,ELECTRONICS,3,25,75,2023,10,4,Friday,October,FALSE,75,15,45,30,0.4,18-25
949,8/2/2023,CUST949,FEMALE,41,ELECTRONICS,2,25,50,2023,8,3,Wednesday,August,FALSE,50,15,30,20,0.4,36-45
950,11/7/2023,CUST950,MALE,36,CLOTHING,3,300,900,2023,11,4,Tuesday,November,FALSE,900,180,540,360,0.4,36-45
951,11/2/2023,CUST951,MALE,33,BEAUTY,2,50,100,2023,11,4,Thursday,November,FALSE,100,30,60,40,0.4,26-35
952,11/13/2023,CUST952,FEMALE,57,CLOTHING,1,25,25,2023,11,4,Monday,November,FALSE,25,15,15,10,0.4,56+
953,4/26/2023,CUST953,MALE,45,BEAUTY,3,30,90,2023,4,2,Wednesday,April,FALSE,90,18,54,36,0.4,46-55
954,9/25/2023,CUST954,FEMALE,50,ELECTRONICS,3,300,900,2023,9,3,Monday,September,FALSE,900,180,540,360,0.4,46-55
955,7/14/2023,CUST955,MALE,58,CLOTHING,1,25,25,2023,7,3,Friday,July,FALSE,25,15,15,10,0.4,56+
956,8/19/2023,CUST956,MALE,30,CLOTHING,3,500,1500,2023,8,3,Saturday,August,TRUE,1500,300,900,600,0.4,26-35
957,8/15/2023,CUST957,FEMALE,60,ELECTRONICS,4,30,120,2023,8,3,Tuesday,August,FALSE,120,18,72,48,0.4,56+
958,6/2/2023,CUST958,MALE,62,ELECTRONICS,2,25,50,2023,6,2,Friday,June,FALSE,50,15,30,20,0.4,56+
959,10/29/2023,CUST959,FEMALE,42,ELECTRONICS,2,30,60,2023,10,4,Sunday,October,TRUE,60,18,36,24,0.4,36-45
960,8/8/2023,CUST960,MALE,59,CLOTHING,2,30,60,2023,8,3,Tuesday,August,FALSE,60,18,36,24,0.4,56+
961,6/6/2023,CUST961,MALE,53,BEAUTY,4,50,200,2023,6,2,Tuesday,June,FALSE,200,30,120,80,0.4,46-55
962,10/19/2023,CUST962,MALE,44,CLOTHING,2,30,60,2023,10,4,Thursday,October,FALSE,60,18,36,24,0.4,36-45
963,11/14/2023,CUST963,FEMALE,55,BEAUTY,1,50,50,2023,11,4,Tuesday,November,FALSE,50,30,30,20,0.4,56+
964,1/31/2023,CUST964,MALE,24,CLOTHING,3,300,900,2023,1,1,Tuesday,January,FALSE,900,180,540,360,0.4,18-25
965,11/9/2023,CUST965,MALE,22,CLOTHING,4,50,200,2023,11,4,Thursday,November,FALSE,200,30,120,80,0.4,18-25
966,2/20/2023,CUST966,MALE,60,ELECTRONICS,2,500,1000,2023,2,1,Monday,February,FALSE,1000,300,600,400,0.4,56+
967,4/17/2023,CUST967,MALE,62,BEAUTY,1,25,25,2023,4,2,Monday,April,FALSE,25,15,15,10,0.4,56+
968,11/17/2023,CUST968,FEMALE,48,CLOTHING,3,300,900,2023,11,4,Friday,November,FALSE,900,180,540,360,0.4,46-55
969,4/19/2023,CUST969,FEMALE,40,CLOTHING,3,300,900,2023,4,2,Wednesday,April,FALSE,900,180,540,360,0.4,36-45
970,5/16/2023,CUST970,MALE,59,ELECTRONICS,4,500,2000,2023,5,2,Tuesday,May,FALSE,2000,300,1200,800,0.4,56+
971,12/5/2023,CUST971,FEMALE,27,ELECTRONICS,4,50,200,2023,12,4,Tuesday,December,FALSE,200,30,120,80,0.4,26-35
972,2/11/2023,CUST972,MALE,49,BEAUTY,4,25,100,2023,2,1,Saturday,February,TRUE,100,15,60,40,0.4,46-55
973,3/22/2023,CUST973,MALE,60,CLOTHING,1,50,50,2023,3,1,Wednesday,March,FALSE,50,30,30,20,0.4,56+
974,5/3/2023,CUST974,MALE,47,BEAUTY,1,30,30,2023,5,2,Wednesday,May,FALSE,30,18,18,12,0.4,46-55
975,3/30/2023,CUST975,FEMALE,56,CLOTHING,4,50,200,2023,3,1,Thursday,March,FALSE,200,30,120,80,0.4,56+
976,10/10/2023,CUST976,FEMALE,48,BEAUTY,2,300,600,2023,10,4,Tuesday,October,FALSE,600,180,360,240,0.4,46-55
977,2/8/2023,CUST977,FEMALE,35,ELECTRONICS,3,25,75,2023,2,1,Wednesday,February,FALSE,75,15,45,30,0.4,36-45
978,3/22/2023,CUST978,FEMALE,53,CLOTHING,3,50,150,2023,3,1,Wednesday,March,FALSE,150,30,90,60,0.4,46-55
979,1/2/2023,CUST979,FEMALE,19,BEAUTY,1,25,25,2023,1,1,Monday,January,FALSE,25,15,15,10,0.4,18-25
980,7/29/2023,CUST980,FEMALE,31,ELECTRONICS,3,25,75,2023,7,3,Saturday,July,TRUE,75,15,45,30,0.4,26-35
981,8/19/2023,CUST981,FEMALE,30,ELECTRONICS,2,30,60,2023,8,3,Saturday,August,TRUE,60,18,36,24,0.4,26-35
982,12/19/2023,CUST982,FEMALE,46,BEAUTY,3,30,90,2023,12,4,Tuesday,December,FALSE,90,18,54,36,0.4,46-55
983,11/1/2023,CUST983,FEMALE,29,CLOTHING,1,300,300,2023,11,4,Wednesday,November,FALSE,300,180,180,120,0.4,26-35
984,8/29/2023,CUST984,MALE,56,CLOTHING,1,500,500,2023,8,3,Tuesday,August,FALSE,500,300,300,200,0.4,56+
985,5/30/2023,CUST985,FEMALE,19,ELECTRONICS,2,25,50,2023,5,2,Tuesday,May,FALSE,50,15,30,20,0.4,18-25
986,1/17/2023,CUST986,FEMALE,49,CLOTHING,2,500,1000,2023,1,1,Tuesday,January,FALSE,1000,300,600,400,0.4,46-55
987,4/29/2023,CUST987,FEMALE,30,CLOTHING,3,300,900,2023,4,2,Saturday,April,TRUE,900,180,540,360,0.4,26-35
988,5/28/2023,CUST988,FEMALE,63,CLOTHING,3,25,75,2023,5,2,Sunday,May,TRUE,75,15,45,30,0.4,56+
989,12/28/2023,CUST989,FEMALE,44,ELECTRONICS,1,25,25,2023,12,4,Thursday,December,FALSE,25,15,15,10,0.4,36-45
990,5/25/2023,CUST990,FEMALE,58,BEAUTY,2,500,1000,2023,5,2,Thursday,May,FALSE,1000,300,600,400,0.4,56+
991,12/26/2023,CUST991,FEMALE,34,CLOTHING,2,50,100,2023,12,4,Tuesday,December,FALSE,100,30,60,40,0.4,26-35
992,8/21/2023,CUST992,FEMALE,57,ELECTRONICS,2,30,60,2023,8,3,Monday,August,FALSE,60,18,36,24,0.4,56+
993,2/6/2023,CUST993,FEMALE,48,ELECTRONICS,3,50,150,2023,2,1,Monday,February,FALSE,150,30,90,60,0.4,46-55
994,12/18/2023,CUST994,FEMALE,51,BEAUTY,2,500,1000,2023,12,4,Monday,December,FALSE,1000,300,600,400,0.4,46-55
995,4/30/2023,CUST995,FEMALE,41,CLOTHING,1,30,30,2023,4,2,Sunday,April,TRUE,30,18,18,12,0.4,36-45
996,5/16/2023,CUST996,MALE,62,CLOTHING,1,50,50,2023,5,2,Tuesday,May,FALSE,50,30,30,20,0.4,56+
997,11/17/2023,CUST997,MALE,52,BEAUTY,3,30,90,2023,11,4,Friday,November,FALSE,90,18,54,36,0.4,46-55
998,10/29/2023,CUST998,FEMALE,23,BEAUTY,4,25,100,2023,10,4,Sunday,October,TRUE,100,15,60,40,0.4,18-25
999,12/5/2023,CUST999,FEMALE,36,ELECTRONICS,3,50,150,2023,12,4,Tuesday,December,FALSE,150,30,90,60,0.4,36-45
1000,4/12/2023,CUST1000,MALE,47,ELECTRONICS,4,30,120,2023,4,2,Wednesday,April,FALSE,120,18,72,48,0.4,46-55
